@ARTICLE{2020MNRAS.495.5040H,
       author = {{Hearin}, Andrew and {Korytov}, Danila and {Kovacs}, Eve and {Benson}, Andrew and {Aung}, Han and {Bradshaw}, Christopher and {Campbell}, Duncan and {LSST Dark Energy Science Collaboration}},
        title = "{Generating synthetic cosmological data with GalSampler}",
      journal = {\mnras},
     keywords = {large-scale structure of Universe, Astrophysics - Cosmology and Nongalactic Astrophysics},
         year = 2020,
        month = jun,
       volume = {495},
       number = {4},
        pages = {5040-5051},
          doi = {10.1093/mnras/staa1495},
archivePrefix = {arXiv},
       eprint = {1909.07340},
 primaryClass = {astro-ph.CO},
       adsurl = {https://ui.adsabs.harvard.edu/abs/2020MNRAS.495.5040H},
      adsnote = {Provided by the SAO/NASA Astrophysics Data System}
}

@INPROCEEDINGS{2017ASPC..512..279J,
       author = {{Juri{\'c}}, M. and {Kantor}, J. and {Lim}, K. -T. and {Lupton}, R.~H. and
         {Dubois-Felsmann}, G. and {Jenness}, T. and {Axelrod}, T.~S. and
         {Aleksi{\'c}}, J. and {Allsman}, R.~A. and {AlSayyad}, Y. and
         {Alt}, J. and {Armstrong}, R. and {Basney}, J. and {Becker}, A.~C. and
         {Becla}, J. and {Biswas}, R. and {Bosch}, J. and {Boutigny}, D. and
         {Kind}, M.~C. and {Ciardi}, D.~R. and {Connolly}, A.~J. and
         {Daniel}, S.~F. and {Daues}, G.~E. and {Economou}, F. and
         {Chiang}, H. -F. and {Fausti}, A. and {Fisher-Levine}, M. and
         {Freemon}, D.~M. and {Gris}, P. and {Hernandez}, F. and {Hoblitt}, J. and
         {Ivezi{\'c}}, Z. and {Jammes}, F. and {Jevremovi{\'c}}, D. and
         {Jones}, R.~L. and {Kalmbach}, J.~B. and {Kasliwal}, V.~P. and
         {Krughoff}, K.~S. and {Lurie}, J. and {Lust}, N.~B. and
         {MacArthur}, L.~A. and {Melchior}, P. and {Moeyens}, J. and
         {Nidever}, D.~L. and {Owen}, R. and {Parejko}, J.~K. and
         {Peterson}, J.~M. and {Petravick}, D. and {Pietrowicz}, S.~R. and
         {Price}, P.~A. and {Reiss}, D.~J. and {Shaw}, R.~A. and {Sick}, J. and
         {Slater}, C.~T. and {Strauss}, M.~A. and {Sullivan}, I.~S. and
         {Swinbank}, J.~D. and {Van Dyk}, S. and {Vuj{\v{c}}i{\'c}}, V. and
         {Withers}, A. and {Yoachim}, P.},
        title = "{The LSST Data Management System}",
     keywords = {Astrophysics - Instrumentation and Methods for Astrophysics},
    booktitle = {Astronomical Data Analysis Software and Systems XXV},
         year = 2017,
       editor = {{Lorente}, N.~P.~F. and {Shortridge}, K. and {Wayth}, R.},
       series = {Astronomical Society of the Pacific Conference Series},
       volume = {512},
        month = dec,
        pages = {279},
archivePrefix = {arXiv},
       eprint = {1512.07914},
 primaryClass = {astro-ph.IM},
       adsurl = {https://ui.adsabs.harvard.edu/abs/2017ASPC..512..279J},
      adsnote = {Provided by the SAO/NASA Astrophysics Data System}
}

@ARTICLE{2020arXiv201005926L,
       author = {{LSST Dark Energy Science Collaboration} and {Abolfathi}, Bela and {Alonso}, David and {Armstrong}, Robert and {Aubourg}, {\'E}ric and {Awan}, Humna and {Babuji}, Yadu N. and {Bauer}, Franz Erik and {Bean}, Rachel and {Beckett}, George and {Biswas}, Rahul and {Bogart}, Joanne R. and {Boutigny}, Dominique and {Chard}, Kyle and {Chiang}, James and {Claver}, Chuck F. and {Cohen-Tanugi}, Johann and {Combet}, C{\'e}line and {Connolly}, Andrew J. and {Daniel}, Scott F. and {Digel}, Seth W. and {Drlica-Wagner}, Alex and {Dubois}, Richard and {Gangler}, Emmanuel and {Gawiser}, Eric and {Glanzman}, Thomas and {Gris}, Phillipe and {Habib}, Salman and {Hearin}, Andrew P. and {Heitmann}, Katrin and {Hernandez}, Fabio and {Hlo{\v{z}}ek}, Ren{\'e}e and {Hollowed}, Joseph and {Ishak}, Mustapha and {Ivezi{\'c}}, {\v{Z}}eljko and {Jarvis}, Mike and {Jha}, Saurabh W. and {Kahn}, Steven M. and {Bryce Kalmbach}, J. and {Kelly}, Heather M. and {Kovacs}, Eve and {Korytov}, Danila and {Krughoff}, K. Simon and {Lage}, Craig S. and {Lanusse}, Fran{\c{c}}ois and {Larsen}, Patricia and {Le Guillou}, Laurent and {Li}, Nan and {Longley}, Emily Phillips and {Lupton}, Robert H. and {Mandelbaum}, Rachel and {Mao}, Yao-Yuan and {Marshall}, Phil and {Meyers}, Joshua E. and {Moniez}, Marc and {Morrison}, Christopher B. and {Nomerotski}, Andrei and {O'Connor}, Paul and {Park}, HyeYun and {Park}, Ji Won and {Peloton}, Julien and {Perrefort}, Daniel and {Perry}, James and {Plaszczynski}, St{\'e}phane and {Pope}, Adrian and {Rasmussen}, Andrew and {Reil}, Kevin and {Roodman}, Aaron J. and {Rykoff}, Eli S. and {S{\'a}nchez}, F. Javier and {Schmidt}, Samuel J. and {Stubbs}, Christopher W. and {Tyson}, J. Anthony and {Uram}, Thomas D. and {Villarreal}, Antonio and {Walter}, Christopher W. and {Wiesner}, Matthew P. and {Wood-Vasey}, W. Michael and {Zuntz}, Joe},
        title = "{The LSST DESC DC2 Simulated Sky Survey}",
      journal = {arXiv e-prints},
     keywords = {Astrophysics - Instrumentation and Methods for Astrophysics, Astrophysics - Cosmology and Nongalactic Astrophysics},
         year = 2020,
        month = oct,
          eid = {arXiv:2010.05926},
        pages = {arXiv:2010.05926},
archivePrefix = {arXiv},
       eprint = {2010.05926},
 primaryClass = {astro-ph.IM},
       adsurl = {https://ui.adsabs.harvard.edu/abs/2020arXiv201005926L},
      adsnote = {Provided by the SAO/NASA Astrophysics Data System}
}



@ARTICLE{1996ApJ...462..563N,
       author = {{Navarro}, Julio F. and {Frenk}, Carlos S. and {White}, Simon D.~M.},
        title = "{The Structure of Cold Dark Matter Halos}",
      journal = {\apj},
     keywords = {COSMOLOGY: THEORY, COSMOLOGY: DARK MATTER, GALAXIES: HALOS, METHODS: NUMERICAL, Astrophysics},
         year = 1996,
        month = may,
       volume = {462},
        pages = {563},
          doi = {10.1086/177173},
archivePrefix = {arXiv},
       eprint = {astro-ph/9508025},
 primaryClass = {astro-ph},
       adsurl = {https://ui.adsabs.harvard.edu/abs/1996ApJ...462..563N},
      adsnote = {Provided by the SAO/NASA Astrophysics Data System}
}

@article{Gorski_2005,
   title={HEALPix: A Framework for High‐Resolution Discretization and Fast Analysis of Data Distributed on the Sphere},
   volume={622},
   ISSN={1538-4357},
   url={http://dx.doi.org/10.1086/427976},
   DOI={10.1086/427976},
   number={2},
   journal={\apj},
   publisher={IOP Publishing},
   author={Gorski, K. M. and Hivon, E. and Banday, A. J. and Wandelt, B. D. and Hansen, F. K. and Reinecke, M. and Bartelmann, M.},
   year={2005},
   month={Apr},
   pages={759–771}
}


@ARTICLE{2020arXiv200809630G,
       author = {{Gagliano}, Alex and {Narayan}, Gautham and {Engel}, Andrew and
         {Carrasco Kind}, Matias},
        title = "{GHOST: Using Only Host Galaxy Information to Accurately Associate and Distinguish Supernovae}",
      journal = {arXiv e-prints},
     keywords = {Astrophysics - Astrophysics of Galaxies, Astrophysics - Cosmology and Nongalactic Astrophysics, Astrophysics - Instrumentation and Methods for Astrophysics},
         year = 2020,
        month = aug,
          eid = {arXiv:2008.09630},
        pages = {arXiv:2008.09630},
archivePrefix = {arXiv},
       eprint = {2008.09630},
 primaryClass = {astro-ph.GA},
       adsurl = {https://ui.adsabs.harvard.edu/abs/2020arXiv200809630G},
      adsnote = {Provided by the SAO/NASA Astrophysics Data System}
}


@ARTICLE{2010ApJ...713.1026D,
       author = {{Dilday}, Benjamin and {Smith}, Mathew and {Bassett}, Bruce and
         {Becker}, Andrew and {Bender}, Ralf and {Castander}, Francisco and
         {Cinabro}, David and {Filippenko}, Alexei V. and {Frieman}, Joshua A. and
         {Galbany}, Llu{\'\i}s and {Garnavich}, Peter M. and {Goobar}, Ariel and
         {Hopp}, Ulrich and {Ihara}, Yutaka and {Jha}, Saurabh W. and
         {Kessler}, Richard and {Lampeitl}, Hubert and {Marriner}, John and
         {Miquel}, Ramon and {Moll{\'a}}, Mercedes and {Nichol}, Robert C. and
         {Nordin}, Jakob and {Riess}, Adam G. and {Sako}, Masao and
         {Schneider}, Donald P. and {Sollerman}, Jesper and {Wheeler}, J. Craig and
         {{\"O}stman}, Linda and {Bizyaev}, Dmitry and {Brewington}, Howard and
         {Malanushenko}, Elena and {Malanushenko}, Viktor and {Oravetz}, Dan and
         {Pan}, Kaike and {Simmons}, Audrey and {Snedden}, Stephanie},
        title = "{Measurements of the Rate of Type Ia Supernovae at Redshift lsim0.3 from the Sloan Digital Sky Survey II Supernova Survey}",
      journal = {\apj},
     keywords = {supernovae: general, Astrophysics - Cosmology and Extragalactic Astrophysics},
         year = 2010,
        month = apr,
       volume = {713},
       number = {2},
        pages = {1026-1036},
          doi = {10.1088/0004-637X/713/2/1026},
archivePrefix = {arXiv},
       eprint = {1001.4995},
 primaryClass = {astro-ph.CO},
       adsurl = {https://ui.adsabs.harvard.edu/abs/2010ApJ...713.1026D},
      adsnote = {Provided by the SAO/NASA Astrophysics Data System}
}

@article{10.1111/j.1365-2966.2011.20312.x,
    author = {Heymans, Catherine and Rowe, Barnaby and Hoekstra, Henk and Miller, Lance and Erben, Thomas and Kitching, Thomas and Van Waerbeke, Ludovic},
    title = "{The impact of high spatial frequency atmospheric distortions on weak-lensing measurements}",
    journal = {Monthly Notices of the Royal Astronomical Society},
    volume = {421},
    number = {1},
    pages = {381-389},
    year = {2012},
    month = {03},
    abstract = "{High-precision cosmology with weak gravitational lensing requires a precise measure of the point spread function across the imaging data where the accuracy to which high spatial frequency variation can be modelled is limited by the stellar number density across the field. We analyse dense stellar fields imaged at the Canada–France–Hawaii Telescope to quantify the degree of high spatial frequency variation in ground-based imaging point spread functions and compare our results to models of atmospheric turbulence. The data show an anisotropic turbulence pattern with an orientation independent of the wind direction and wind speed. We find the amplitude of the high spatial frequencies to decrease with increasing exposure time as t−1/2, and find a negligibly small atmospheric contribution to the point spread function ellipticity variation for exposure times t \\&gt; 180 s. For future surveys analysing shorter exposure data, this anisotropic turbulence will need to be taken into account as the amplitude of the correlated atmospheric distortions becomes comparable to a cosmological lensing signal on scales less than ∼10 arcmin. This effect could be mitigated, however, by correlating galaxy shear measured on exposures imaged with a time separation greater than 50 s, for which we find the spatial turbulence patterns to be uncorrelated.}",
    issn = {0035-8711},
    doi = {10.1111/j.1365-2966.2011.20312.x},
    url = {https://doi.org/10.1111/j.1365-2966.2011.20312.x},
    eprint = {https://academic.oup.com/mnras/article-pdf/421/1/381/3133352/mnras0421-0381.pdf},
}

@ARTICLE{2020ApJ...888...23K,
       author = {{Kamath}, Sowmya and {Meyers}, Joshua E. and {Burchat}, Patricia R. and
         {(LSST Dark Energy Science Collaboration}},
        title = "{Shear Measurement Bias Due to Spatially Varying Spectral Energy Distributions in Galaxies}",
      journal = {\apj},
     keywords = {Weak gravitational lensing, Cosmology, Astronomical techniques, Observational cosmology, Gravitational lensing shear},
         year = 2020,
        month = jan,
       volume = {888},
       number = {1},
          eid = {23},
        pages = {23},
          doi = {10.3847/1538-4357/ab54cb},
       adsurl = {https://ui.adsabs.harvard.edu/abs/2020ApJ...888...23K},
      adsnote = {Provided by the SAO/NASA Astrophysics Data System}
}



@article{Massey_2012,
   title={Origins of weak lensing systematics, and requirements on future instrumentation (or knowledge of instrumentation)},
   volume={429},
   ISSN={0035-8711},
   url={http://dx.doi.org/10.1093/mnras/sts371},
   DOI={10.1093/mnras/sts371},
   number={1},
   journal={Monthly Notices of the Royal Astronomical Society},
   publisher={Oxford University Press (OUP)},
   author={Massey, Richard and Hoekstra, Henk and Kitching, Thomas and Rhodes, Jason and Cropper, Mark and Amiaux, Jérôme and Harvey, David and Mellier, Yannick and Meneghetti, Massimo and Miller, Lance and et al.},
   year={2012},
   month={Dec},
   pages={661–678}
}


@article{Coulton_2018,
   title={Exploring the Brighter-fatter Effect with the Hyper Suprime-Cam},
   volume={155},
   ISSN={1538-3881},
   url={http://dx.doi.org/10.3847/1538-3881/aac08d},
   DOI={10.3847/1538-3881/aac08d},
   number={6},
   journal={The Astronomical Journal},
   publisher={American Astronomical Society},
   author={Coulton, William R. and Armstrong, Robert and Smith, Kendrick M. and Lupton, Robert H. and Spergel, David N.},
   year={2018},
   month={May},
   pages={258}
}

@article{Gruen_2015,
   title={Characterization and correction of charge-induced pixel shifts in DECam},
   volume={10},
   ISSN={1748-0221},
   url={http://dx.doi.org/10.1088/1748-0221/10/05/C05032},
   DOI={10.1088/1748-0221/10/05/c05032},
   number={05},
   journal={Journal of Instrumentation},
   publisher={IOP Publishing},
   author={Gruen, D. and Bernstein, G.M. and Jarvis, M. and Rowe, B. and Vikram, V. and Plazas, A.A. and Seitz, S.},
   year={2015},
   month={May},
   pages={C05032–C05032}
}


@ARTICLE{2015ApJ...807..182M,
       author = {{Meyers}, Joshua E. and {Burchat}, Patricia R.},
        title = "{Impact of Atmospheric Chromatic Effects on Weak Lensing Measurements}",
      journal = {\apj},
     keywords = {atmospheric effects, cosmology: observations, gravitational lensing: weak, techniques: image processing, Astrophysics - Cosmology and Nongalactic Astrophysics, Astrophysics - Instrumentation and Methods for Astrophysics},
         year = 2015,
        month = jul,
       volume = {807},
       number = {2},
          eid = {182},
        pages = {182},
          doi = {10.1088/0004-637X/807/2/182},
archivePrefix = {arXiv},
       eprint = {1409.6273},
 primaryClass = {astro-ph.CO},
       adsurl = {https://ui.adsabs.harvard.edu/abs/2015ApJ...807..182M},
      adsnote = {Provided by the SAO/NASA Astrophysics Data System}
}



@ARTICLE{2007A&A...466...11G,
       author = {{Guy}, J. and {Astier}, P. and {Baumont}, S. and {Hardin}, D. and
         {Pain}, R. and {Regnault}, N. and {Basa}, S. and {Carlberg}, R.~G. and
         {Conley}, A. and {Fabbro}, S. and {Fouchez}, D. and {Hook}, I.~M. and
         {Howell}, D.~A. and {Perrett}, K. and {Pritchet}, C.~J. and {Rich}, J. and
         {Sullivan}, M. and {Antilogus}, P. and {Aubourg}, E. and {Bazin}, G. and
         {Bronder}, J. and {Filiol}, M. and {Palanque-Delabrouille}, N. and
         {Ripoche}, P. and {Ruhlmann-Kleider}, V.},
        title = "{SALT2: using distant supernovae to improve the use of type Ia supernovae as distance indicators}",
      journal = {\aap},
     keywords = {supernovae: general, cosmology: observations, Astrophysics},
         year = 2007,
        month = apr,
       volume = {466},
       number = {1},
        pages = {11-21},
          doi = {10.1051/0004-6361:20066930},
archivePrefix = {arXiv},
       eprint = {astro-ph/0701828},
 primaryClass = {astro-ph},
       adsurl = {https://ui.adsabs.harvard.edu/abs/2007A&A...466...11G},
      adsnote = {Provided by the SAO/NASA Astrophysics Data System}
}

@ARTICLE{2018A&A...616A...1G,
       author = {{Gaia Collaboration} and {Brown}, A.~G.~A. and {Vallenari}, A. and
         {Prusti}, T. and {de Bruijne}, J.~H.~J. and {Babusiaux}, C. and
         {Bailer-Jones}, C.~A.~L. and {Biermann}, M. and {Evans}, D.~W. and
         {Eyer}, L. and {Jansen}, F. and {Jordi}, C. and {Klioner}, S.~A. and
         {Lammers}, U. and {Lindegren}, L. and {Luri}, X. and {Mignard}, F. and
         {Panem}, C. and {Pourbaix}, D. and {Randich}, S. and {Sartoretti}, P. and
         {Siddiqui}, H.~I. and {Soubiran}, C. and {van Leeuwen}, F. and
         {Walton}, N.~A. and {Arenou}, F. and {Bastian}, U. and {Cropper}, M. and
         {Drimmel}, R. and {Katz}, D. and {Lattanzi}, M.~G. and {Bakker}, J. and
         {Cacciari}, C. and {Casta{\~n}eda}, J. and {Chaoul}, L. and
         {Cheek}, N. and {De Angeli}, F. and {Fabricius}, C. and {Guerra}, R. and
         {Holl}, B. and {Masana}, E. and {Messineo}, R. and {Mowlavi}, N. and
         {Nienartowicz}, K. and {Panuzzo}, P. and {Portell}, J. and
         {Riello}, M. and {Seabroke}, G.~M. and {Tanga}, P. and
         {Th{\'e}venin}, F. and {Gracia-Abril}, G. and {Comoretto}, G. and
         {Garcia-Reinaldos}, M. and {Teyssier}, D. and {Altmann}, M. and
         {Andrae}, R. and {Audard}, M. and {Bellas-Velidis}, I. and
         {Benson}, K. and {Berthier}, J. and {Blomme}, R. and {Burgess}, P. and
         {Busso}, G. and {Carry}, B. and {Cellino}, A. and {Clementini}, G. and
         {Clotet}, M. and {Creevey}, O. and {Davidson}, M. and {De Ridder}, J. and
         {Delchambre}, L. and {Dell'Oro}, A. and {Ducourant}, C. and
         {Fern{\'a}ndez-Hern{\'a}ndez}, J. and {Fouesneau}, M. and
         {Fr{\'e}mat}, Y. and {Galluccio}, L. and {Garc{\'\i}a-Torres}, M. and
         {Gonz{\'a}lez-N{\'u}{\~n}ez}, J. and {Gonz{\'a}lez-Vidal}, J.~J. and
         {Gosset}, E. and {Guy}, L.~P. and {Halbwachs}, J. -L. and
         {Hambly}, N.~C. and {Harrison}, D.~L. and {Hern{\'a}ndez}, J. and
         {Hestroffer}, D. and {Hodgkin}, S.~T. and {Hutton}, A. and
         {Jasniewicz}, G. and {Jean-Antoine-Piccolo}, A. and {Jordan}, S. and
         {Korn}, A.~J. and {Krone-Martins}, A. and {Lanzafame}, A.~C. and
         {Lebzelter}, T. and {L{\"o}ffler}, W. and {Manteiga}, M. and
         {Marrese}, P.~M. and {Mart{\'\i}n-Fleitas}, J.~M. and {Moitinho}, A. and
         {Mora}, A. and {Muinonen}, K. and {Osinde}, J. and {Pancino}, E. and
         {Pauwels}, T. and {Petit}, J. -M. and {Recio-Blanco}, A. and
         {Richards}, P.~J. and {Rimoldini}, L. and {Robin}, A.~C. and
         {Sarro}, L.~M. and {Siopis}, C. and {Smith}, M. and {Sozzetti}, A. and
         {S{\"u}veges}, M. and {Torra}, J. and {van Reeven}, W. and {Abbas}, U. and
         {Abreu Aramburu}, A. and {Accart}, S. and {Aerts}, C. and
         {Altavilla}, G. and {{\'A}lvarez}, M.~A. and {Alvarez}, R. and
         {Alves}, J. and {Anderson}, R.~I. and {Andrei}, A.~H. and
         {Anglada Varela}, E. and {Antiche}, E. and {Antoja}, T. and
         {Arcay}, B. and {Astraatmadja}, T.~L. and {Bach}, N. and
         {Baker}, S.~G. and {Balaguer-N{\'u}{\~n}ez}, L. and {Balm}, P. and
         {Barache}, C. and {Barata}, C. and {Barbato}, D. and {Barblan}, F. and
         {Barklem}, P.~S. and {Barrado}, D. and {Barros}, M. and
         {Barstow}, M.~A. and {Bartholom{\'e} Mu{\~n}oz}, S. and
         {Bassilana}, J. -L. and {Becciani}, U. and {Bellazzini}, M. and
         {Berihuete}, A. and {Bertone}, S. and {Bianchi}, L. and
         {Bienaym{\'e}}, O. and {Blanco-Cuaresma}, S. and {Boch}, T. and
         {Boeche}, C. and {Bombrun}, A. and {Borrachero}, R. and {Bossini}, D. and
         {Bouquillon}, S. and {Bourda}, G. and {Bragaglia}, A. and
         {Bramante}, L. and {Breddels}, M.~A. and {Bressan}, A. and
         {Brouillet}, N. and {Br{\"u}semeister}, T. and {Brugaletta}, E. and
         {Bucciarelli}, B. and {Burlacu}, A. and {Busonero}, D. and
         {Butkevich}, A.~G. and {Buzzi}, R. and {Caffau}, E. and
         {Cancelliere}, R. and {Cannizzaro}, G. and {Cantat-Gaudin}, T. and
         {Carballo}, R. and {Carlucci}, T. and {Carrasco}, J.~M. and
         {Casamiquela}, L. and {Castellani}, M. and {Castro-Ginard}, A. and
         {Charlot}, P. and {Chemin}, L. and {Chiavassa}, A. and {Cocozza}, G. and
         {Costigan}, G. and {Cowell}, S. and {Crifo}, F. and {Crosta}, M. and
         {Crowley}, C. and {Cuypers}, J. and {Dafonte}, C. and {Damerdji}, Y. and
         {Dapergolas}, A. and {David}, P. and {David}, M. and {de Laverny}, P. and
         {De Luise}, F. and {De March}, R. and {de Martino}, D. and
         {de Souza}, R. and {de Torres}, A. and {Debosscher}, J. and
         {del Pozo}, E. and {Delbo}, M. and {Delgado}, A. and {Delgado}, H.~E. and
         {Di Matteo}, P. and {Diakite}, S. and {Diener}, C. and {Distefano}, E. and
         {Dolding}, C. and {Drazinos}, P. and {Dur{\'a}n}, J. and
         {Edvardsson}, B. and {Enke}, H. and {Eriksson}, K. and {Esquej}, P. and
         {Eynard Bontemps}, G. and {Fabre}, C. and {Fabrizio}, M. and
         {Faigler}, S. and {Falc{\~a}o}, A.~J. and {Farr{\`a}s Casas}, M. and
         {Federici}, L. and {Fedorets}, G. and {Fernique}, P. and
         {Figueras}, F. and {Filippi}, F. and {Findeisen}, K. and {Fonti}, A. and
         {Fraile}, E. and {Fraser}, M. and {Fr{\'e}zouls}, B. and {Gai}, M. and
         {Galleti}, S. and {Garabato}, D. and {Garc{\'\i}a-Sedano}, F. and
         {Garofalo}, A. and {Garralda}, N. and {Gavel}, A. and {Gavras}, P. and
         {Gerssen}, J. and {Geyer}, R. and {Giacobbe}, P. and {Gilmore}, G. and
         {Girona}, S. and {Giuffrida}, G. and {Glass}, F. and {Gomes}, M. and
         {Granvik}, M. and {Gueguen}, A. and {Guerrier}, A. and {Guiraud}, J. and
         {Guti{\'e}rrez-S{\'a}nchez}, R. and {Haigron}, R. and
         {Hatzidimitriou}, D. and {Hauser}, M. and {Haywood}, M. and
         {Heiter}, U. and {Helmi}, A. and {Heu}, J. and {Hilger}, T. and
         {Hobbs}, D. and {Hofmann}, W. and {Holland}, G. and {Huckle}, H.~E. and
         {Hypki}, A. and {Icardi}, V. and {Jan{\ss}en}, K. and
         {Jevardat de Fombelle}, G. and {Jonker}, P.~G. and
         {Juh{\'a}sz}, {\'A}. L. and {Julbe}, F. and {Karampelas}, A. and
         {Kewley}, A. and {Klar}, J. and {Kochoska}, A. and {Kohley}, R. and
         {Kolenberg}, K. and {Kontizas}, M. and {Kontizas}, E. and
         {Koposov}, S.~E. and {Kordopatis}, G. and {Kostrzewa-Rutkowska}, Z. and
         {Koubsky}, P. and {Lambert}, S. and {Lanza}, A.~F. and {Lasne}, Y. and
         {Lavigne}, J. -B. and {Le Fustec}, Y. and {Le Poncin-Lafitte}, C. and
         {Lebreton}, Y. and {Leccia}, S. and {Leclerc}, N. and
         {Lecoeur-Taibi}, I. and {Lenhardt}, H. and {Leroux}, F. and {Liao}, S. and
         {Licata}, E. and {Lindstr{\o}m}, H.~E.~P. and {Lister}, T.~A. and
         {Livanou}, E. and {Lobel}, A. and {L{\'o}pez}, M. and {Managau}, S. and
         {Mann}, R.~G. and {Mantelet}, G. and {Marchal}, O. and
         {Marchant}, J.~M. and {Marconi}, M. and {Marinoni}, S. and
         {Marschalk{\'o}}, G. and {Marshall}, D.~J. and {Martino}, M. and
         {Marton}, G. and {Mary}, N. and {Massari}, D. and
         {Matijevi{\v{c}}}, G. and {Mazeh}, T. and {McMillan}, P.~J. and
         {Messina}, S. and {Michalik}, D. and {Millar}, N.~R. and {Molina}, D. and
         {Molinaro}, R. and {Moln{\'a}r}, L. and {Montegriffo}, P. and
         {Mor}, R. and {Morbidelli}, R. and {Morel}, T. and {Morris}, D. and
         {Mulone}, A.~F. and {Muraveva}, T. and {Musella}, I. and
         {Nelemans}, G. and {Nicastro}, L. and {Noval}, L. and {O'Mullane}, W. and
         {Ord{\'e}novic}, C. and {Ord{\'o}{\~n}ez-Blanco}, D. and {Osborne}, P. and
         {Pagani}, C. and {Pagano}, I. and {Pailler}, F. and {Palacin}, H. and
         {Palaversa}, L. and {Panahi}, A. and {Pawlak}, M. and
         {Piersimoni}, A.~M. and {Pineau}, F. -X. and {Plachy}, E. and
         {Plum}, G. and {Poggio}, E. and {Poujoulet}, E. and {Pr{\v{s}}a}, A. and
         {Pulone}, L. and {Racero}, E. and {Ragaini}, S. and {Rambaux}, N. and
         {Ramos-Lerate}, M. and {Regibo}, S. and {Reyl{\'e}}, C. and
         {Riclet}, F. and {Ripepi}, V. and {Riva}, A. and {Rivard}, A. and
         {Rixon}, G. and {Roegiers}, T. and {Roelens}, M. and
         {Romero-G{\'o}mez}, M. and {Rowell}, N. and {Royer}, F. and
         {Ruiz-Dern}, L. and {Sadowski}, G. and {Sagrist{\`a} Sell{\'e}s}, T. and
         {Sahlmann}, J. and {Salgado}, J. and {Salguero}, E. and {Sanna}, N. and
         {Santana-Ros}, T. and {Sarasso}, M. and {Savietto}, H. and
         {Schultheis}, M. and {Sciacca}, E. and {Segol}, M. and
         {Segovia}, J.~C. and {S{\'e}gransan}, D. and {Shih}, I. -C. and
         {Siltala}, L. and {Silva}, A.~F. and {Smart}, R.~L. and {Smith}, K.~W. and
         {Solano}, E. and {Solitro}, F. and {Sordo}, R. and {Soria Nieto}, S. and
         {Souchay}, J. and {Spagna}, A. and {Spoto}, F. and {Stampa}, U. and
         {Steele}, I.~A. and {Steidelm{\"u}ller}, H. and {Stephenson}, C.~A. and
         {Stoev}, H. and {Suess}, F.~F. and {Surdej}, J. and {Szabados}, L. and
         {Szegedi-Elek}, E. and {Tapiador}, D. and {Taris}, F. and {Tauran}, G. and
         {Taylor}, M.~B. and {Teixeira}, R. and {Terrett}, D. and {Teyssand
        ier}, P. and {Thuillot}, W. and {Titarenko}, A. and {Torra Clotet}, F. and
         {Turon}, C. and {Ulla}, A. and {Utrilla}, E. and {Uzzi}, S. and
         {Vaillant}, M. and {Valentini}, G. and {Valette}, V. and
         {van Elteren}, A. and {Van Hemelryck}, E. and {van Leeuwen}, M. and
         {Vaschetto}, M. and {Vecchiato}, A. and {Veljanoski}, J. and
         {Viala}, Y. and {Vicente}, D. and {Vogt}, S. and {von Essen}, C. and
         {Voss}, H. and {Votruba}, V. and {Voutsinas}, S. and {Walmsley}, G. and
         {Weiler}, M. and {Wertz}, O. and {Wevers}, T. and {Wyrzykowski}, {\L}. and
         {Yoldas}, A. and {{\v{Z}}erjal}, M. and {Ziaeepour}, H. and
         {Zorec}, J. and {Zschocke}, S. and {Zucker}, S. and {Zurbach}, C. and
         {Zwitter}, T.},
        title = "{Gaia Data Release 2. Summary of the contents and survey properties}",
      journal = {\aap},
     keywords = {catalogs, astrometry, techniques: radial velocities, stars: fundamental parameters, stars: variables: general, minor planets, asteroids: general, Astrophysics - Astrophysics of Galaxies, Astrophysics - Instrumentation and Methods for Astrophysics},
         year = 2018,
        month = aug,
       volume = {616},
          eid = {A1},
        pages = {A1},
          doi = {10.1051/0004-6361/201833051},
archivePrefix = {arXiv},
       eprint = {1804.09365},
 primaryClass = {astro-ph.GA},
       adsurl = {https://ui.adsabs.harvard.edu/abs/2018A&A...616A...1G},
      adsnote = {Provided by the SAO/NASA Astrophysics Data System}
}



%@string{june = {June}}


@ARTICLE{2011ARA&A..49..409A,
       author = {{Allen}, Steven W. and {Evrard}, August E. and {Mantz}, Adam B.},
        title = "{Cosmological Parameters from Observations of Galaxy Clusters}",
      journal = {\araa},
     keywords = {Astrophysics - Cosmology and Extragalactic Astrophysics},
         year = 2011,
        month = sep,
       volume = {49},
       number = {1},
        pages = {409-470},
          doi = {10.1146/annurev-astro-081710-102514},
archivePrefix = {arXiv},
       eprint = {1103.4829},
 primaryClass = {astro-ph.CO},
       adsurl = {https://ui.adsabs.harvard.edu/abs/2011ARA&A..49..409A},
      adsnote = {Provided by the SAO/NASA Astrophysics Data System}
}

@ARTICLE{jcm_aph20,
       author = {{Chaves-Montero}, Jon{\'a}s and {Hearin}, Andrew},
        title = "{Surrogate modelling the Baryonic Universe - I. The colour of star formation}",
      journal = {\mnras},
     keywords = {galaxies: evolution, galaxies: formation, galaxies: fundamental parameters, galaxies: photometry, galaxies: statistics, Astrophysics - Astrophysics of Galaxies},
         year = 2020,
        month = may,
       volume = {495},
       number = {2},
        pages = {2088-2104},
          doi = {10.1093/mnras/staa1230},
archivePrefix = {arXiv},
       eprint = {1910.11883},
 primaryClass = {astro-ph.GA},
       adsurl = {https://ui.adsabs.harvard.edu/abs/2020MNRAS.495.2088C},
      adsnote = {Provided by the SAO/NASA Astrophysics Data System}
}


@ARTICLE{2018ARA&A..56..393M,
       author = {{Mandelbaum}, Rachel},
        title = "{Weak Lensing for Precision Cosmology}",
      journal = {\araa},
     keywords = {Astrophysics - Cosmology and Nongalactic Astrophysics},
         year = 2018,
        month = sep,
       volume = {56},
        pages = {393-433},
          doi = {10.1146/annurev-astro-081817-051928},
archivePrefix = {arXiv},
       eprint = {1710.03235},
 primaryClass = {astro-ph.CO},
       adsurl = {https://ui.adsabs.harvard.edu/abs/2018ARA&A..56..393M},
      adsnote = {Provided by the SAO/NASA Astrophysics Data System}
}

@ARTICLE{2019NatAs...3..212S,
       author = {{Salvato}, Mara and {Ilbert}, Olivier and {Hoyle}, Ben},
        title = "{The many flavours of photometric redshifts}",
      journal = {Nature Astronomy},
     keywords = {Astrophysics - Astrophysics of Galaxies},
         year = 2019,
        month = jun,
       volume = {3},
        pages = {212-222},
          doi = {10.1038/s41550-018-0478-0},
archivePrefix = {arXiv},
       eprint = {1805.12574},
 primaryClass = {astro-ph.GA},
       adsurl = {https://ui.adsabs.harvard.edu/abs/2019NatAs...3..212S},
      adsnote = {Provided by the SAO/NASA Astrophysics Data System}
}



@ARTICLE{2013PhR...530...87W,
       author = {{Weinberg}, David H. and {Mortonson}, Michael J. and
         {Eisenstein}, Daniel J. and {Hirata}, Christopher and {Riess}, Adam G. and
         {Rozo}, Eduardo},
        title = "{Observational probes of cosmic acceleration}",
      journal = {\physrep},
     keywords = {Astrophysics - Cosmology and Nongalactic Astrophysics},
         year = 2013,
        month = sep,
       volume = {530},
       number = {2},
        pages = {87-255},
          doi = {10.1016/j.physrep.2013.05.001},
archivePrefix = {arXiv},
       eprint = {1201.2434},
 primaryClass = {astro-ph.CO},
       adsurl = {https://ui.adsabs.harvard.edu/abs/2013PhR...530...87W},
      adsnote = {Provided by the SAO/NASA Astrophysics Data System}
}



@ARTICLE{2005AJ....130..659A,
       author = {{Am{\^o}res}, E.~B. and {L{\'e}pine}, J.~R.~D.},
        title = "{Models for Interstellar Extinction in the Galaxy}",
      journal = {\aj},
     keywords = {ISM: Dust, Extinction, Galaxy: Structure, ISM: Clouds, ISM: Structure, Stars: Distances},
         year = 2005,
        month = aug,
       volume = {130},
       number = {2},
        pages = {659-673},
          doi = {10.1086/430957},
       adsurl = {https://ui.adsabs.harvard.edu/abs/2005AJ....130..659A},
      adsnote = {Provided by the SAO/NASA Astrophysics Data System}
}


@article{Bishop1994,
            type = {Technical Report},
           title = {Mixture density networks},
          author = {Christopher M. Bishop},
         address = {Birmingham},
       publisher = {Aston University},
            year = {1994},
        keywords = {NCRG sum-of-squares cross-entropy error function classifications problems coding scheme conditional probability distribution network models neural network mixture density model Mixture Density Network inverse kinematics},
             url = {http://publications.aston.ac.uk/id/eprint/373/}
}

@dataset{Mandelbaum2012,
  author       = {Mandelbaum, Rachel and
                  Lackner, Claire and
                  Leauthaud, Alexie and
                  Rowe, Barnaby},
  title        = {COSMOS real galaxy dataset},
  month        = jan,
  year         = 2012,
  publisher    = {Zenodo},
  doi          = {10.5281/zenodo.3242143},
  url          = {https://doi.org/10.5281/zenodo.3242143}
}


@ARTICLE{2019ApJS..245...16H,
       author = {{Heitmann}, Katrin and {Finkel}, Hal and {Pope}, Adrian and
         {Morozov}, Vitali and {Frontiere}, Nicholas and {Habib}, Salman and
         {Rangel}, Esteban and {Uram}, Thomas and {Korytov}, Danila and
         {Child}, Hillary and {Flender}, Samuel and {Insley}, Joe and
         {Rizzi}, Silvio},
        title = "{The Outer Rim Simulation: A Path to Many-core Supercomputers}",
      journal = {\apjs},
     keywords = {N-body simulations, Astrophysics - Cosmology and Nongalactic Astrophysics},
         year = 2019,
        month = nov,
       volume = {245},
       number = {1},
          eid = {16},
        pages = {16},
          doi = {10.3847/1538-4365/ab4da1},
archivePrefix = {arXiv},
       eprint = {1904.11970},
 primaryClass = {astro-ph.CO},
       adsurl = {https://ui.adsabs.harvard.edu/abs/2019ApJS..245...16H},
      adsnote = {Provided by the SAO/NASA Astrophysics Data System}
}

@ARTICLE{Guyonnet:2015soa,
       author = {{Guyonnet}, A. and {Astier}, P. and {Antilogus}, P. and {Regnault}, N. and
         {Doherty}, P.},
        title = "{Evidence for self-interaction of charge distribution in charge-coupled devices}",
      journal = {\aap},
     keywords = {instrumentation: detectors, methods: data analysis, techniques: photometric, astronomical databases: miscellaneous, telescopes, techniques: image processing, Astrophysics - Instrumentation and Methods for Astrophysics},
         year = "2015",
        month = "Mar",
       volume = {575},
          eid = {A41},
        pages = {A41},
          doi = {10.1051/0004-6361/201424897},
archivePrefix = {arXiv},
       eprint = {1501.01577},
 primaryClass = {astro-ph.IM},
       adsurl = {https://ui.adsabs.harvard.edu/abs/2015A&A...575A..41G},
      adsnote = {Provided by the SAO/NASA Astrophysics Data System}
}

@ARTICLE{2016arXiv160407626D,
       author = {{Dodelson}, Scott and {Heitmann}, Katrin and {Hirata}, Chris and
         {Honscheid}, Klaus and {Roodman}, Aaron and {Seljak}, Uro{\v{s}} and
         {Slosar}, An{\v{z}}e and {Trodden}, Mark},
        title = "{Cosmic Visions Dark Energy: Science}",
      journal = {arXiv e-prints},
     keywords = {Astrophysics - Cosmology and Nongalactic Astrophysics},
         year = "2016",
        month = "Apr",
          eid = {arXiv:1604.07626},
        pages = {arXiv:1604.07626},
archivePrefix = {arXiv},
       eprint = {1604.07626},
 primaryClass = {astro-ph.CO},
       adsurl = {https://ui.adsabs.harvard.edu/abs/2016arXiv160407626D},
      adsnote = {Provided by the SAO/NASA Astrophysics Data System}
}

@ARTICLE{2011arXiv1110.3193L,
       author = {{Laureijs}, R. and {Amiaux}, J. and {Arduini}, S. and
         {Augu{\`e}res}, J. -L. and {Brinchmann}, J. and {Cole}, R. and
         {Cropper}, M. and {Dabin}, C. and {Duvet}, L. and {Ealet}, A. and
         {Garilli}, B. and {Gondoin}, P. and {Guzzo}, L. and {Hoar}, J. and
         {Hoekstra}, H. and {Holmes}, R. and {Kitching}, T. and {Maciaszek}, T. and
         {Mellier}, Y. and {Pasian}, F. and {Percival}, W. and {Rhodes}, J. and
         {Saavedra Criado}, G. and {Sauvage}, M. and {Scaramella}, R. and
         {Valenziano}, L. and {Warren}, S. and {Bender}, R. and {Castander}, F. and
         {Cimatti}, A. and {Le F{\`e}vre}, O. and {Kurki-Suonio}, H. and
         {Levi}, M. and {Lilje}, P. and {Meylan}, G. and {Nichol}, R. and
         {Pedersen}, K. and {Popa}, V. and {Rebolo Lopez}, R. and {Rix}, H. -W. and
         {Rottgering}, H. and {Zeilinger}, W. and {Grupp}, F. and {Hudelot}, P. and
         {Massey}, R. and {Meneghetti}, M. and {Miller}, L. and {Paltani}, S. and
         {Paulin-Henriksson}, S. and {Pires}, S. and {Saxton}, C. and
         {Schrabback}, T. and {Seidel}, G. and {Walsh}, J. and {Aghanim}, N. and
         {Amendola}, L. and {Bartlett}, J. and {Baccigalupi}, C. and
         {Beaulieu}, J. -P. and {Benabed}, K. and {Cuby}, J. -G. and
         {Elbaz}, D. and {Fosalba}, P. and {Gavazzi}, G. and {Helmi}, A. and
         {Hook}, I. and {Irwin}, M. and {Kneib}, J. -P. and {Kunz}, M. and
         {Mannucci}, F. and {Moscardini}, L. and {Tao}, C. and {Teyssier}, R. and
         {Weller}, J. and {Zamorani}, G. and {Zapatero Osorio}, M.~R. and
         {Boulade}, O. and {Foumond}, J.~J. and {Di Giorgio}, A. and
         {Guttridge}, P. and {James}, A. and {Kemp}, M. and {Martignac}, J. and
         {Spencer}, A. and {Walton}, D. and {Bl{\"u}mchen}, T. and {Bonoli}, C. and
         {Bortoletto}, F. and {Cerna}, C. and {Corcione}, L. and {Fabron}, C. and
         {Jahnke}, K. and {Ligori}, S. and {Madrid}, F. and {Martin}, L. and
         {Morgante}, G. and {Pamplona}, T. and {Prieto}, E. and {Riva}, M. and
         {Toledo}, R. and {Trifoglio}, M. and {Zerbi}, F. and {Abdalla}, F. and
         {Douspis}, M. and {Grenet}, C. and {Borgani}, S. and {Bouwens}, R. and
         {Courbin}, F. and {Delouis}, J. -M. and {Dubath}, P. and {Fontana}, A. and
         {Frailis}, M. and {Grazian}, A. and {Koppenh{\"o}fer}, J. and
         {Mansutti}, O. and {Melchior}, M. and {Mignoli}, M. and {Mohr}, J. and
         {Neissner}, C. and {Noddle}, K. and {Poncet}, M. and {Scodeggio}, M. and
         {Serrano}, S. and {Shane}, N. and {Starck}, J. -L. and {Surace}, C. and
         {Taylor}, A. and {Verdoes-Kleijn}, G. and {Vuerli}, C. and
         {Williams}, O.~R. and {Zacchei}, A. and {Altieri}, B. and
         {Escudero Sanz}, I. and {Kohley}, R. and {Oosterbroek}, T. and
         {Astier}, P. and {Bacon}, D. and {Bardelli}, S. and {Baugh}, C. and
         {Bellagamba}, F. and {Benoist}, C. and {Bianchi}, D. and {Biviano}, A. and
         {Branchini}, E. and {Carbone}, C. and {Cardone}, V. and {Clements}, D. and
         {Colombi}, S. and {Conselice}, C. and {Cresci}, G. and {Deacon}, N. and
         {Dunlop}, J. and {Fedeli}, C. and {Fontanot}, F. and {Franzetti}, P. and
         {Giocoli}, C. and {Garcia-Bellido}, J. and {Gow}, J. and {Heavens}, A. and
         {Hewett}, P. and {Heymans}, C. and {Holland}, A. and {Huang}, Z. and
         {Ilbert}, O. and {Joachimi}, B. and {Jennins}, E. and {Kerins}, E. and
         {Kiessling}, A. and {Kirk}, D. and {Kotak}, R. and {Krause}, O. and
         {Lahav}, O. and {van Leeuwen}, F. and {Lesgourgues}, J. and
         {Lombardi}, M. and {Magliocchetti}, M. and {Maguire}, K. and
         {Majerotto}, E. and {Maoli}, R. and {Marulli}, F. and
         {Maurogordato}, S. and {McCracken}, H. and {McLure}, R. and
         {Melchiorri}, A. and {Merson}, A. and {Moresco}, M. and {Nonino}, M. and
         {Norberg}, P. and {Peacock}, J. and {Pello}, R. and {Penny}, M. and
         {Pettorino}, V. and {Di Porto}, C. and {Pozzetti}, L. and
         {Quercellini}, C. and {Radovich}, M. and {Rassat}, A. and {Roche}, N. and
         {Ronayette}, S. and {Rossetti}, E. and {Sartoris}, B. and
         {Schneider}, P. and {Semboloni}, E. and {Serjeant}, S. and
         {Simpson}, F. and {Skordis}, C. and {Smadja}, G. and {Smartt}, S. and
         {Spano}, P. and {Spiro}, S. and {Sullivan}, M. and {Tilquin}, A. and
         {Trotta}, R. and {Verde}, L. and {Wang}, Y. and {Williger}, G. and
         {Zhao}, G. and {Zoubian}, J. and {Zucca}, E.},
        title = "{Euclid Definition Study Report}",
      journal = {arXiv e-prints},
     keywords = {Astrophysics - Cosmology and Extragalactic Astrophysics, Astrophysics - Galaxy Astrophysics},
         year = "2011",
        month = "Oct",
          eid = {arXiv:1110.3193},
        pages = {arXiv:1110.3193},
archivePrefix = {arXiv},
       eprint = {1110.3193},
 primaryClass = {astro-ph.CO},
       adsurl = {https://ui.adsabs.harvard.edu/abs/2011arXiv1110.3193L},
      adsnote = {Provided by the SAO/NASA Astrophysics Data System}
}



@ARTICLE{2019arXiv190401174D,
       author = {{Dor{\'e}}, O. and {Hirata}, C. and {Wang}, Y. and {Weinberg}, D. and
         {Eifler}, T. and {Foley}, R.~J. and {Heinrich}, C. He and {Krause}, E. and
         {Perlmutter}, S. and {Pisani}, A. and {Scolnic}, D. and
         {Spergel}, D.~N. and {Suntzeff}, N. and {Aldering}, G. and
         {Baltay}, C. and {Capak}, P. and {Choi}, A. and {Deustua}, S. and
         {Dvorkin}, C. and {Fall}, S.~M. and {Fang}, X. and {Fruchter}, A. and
         {Galbany}, L. and {Ho}, S. and {Hounsell}, R. and {Izard}, A. and
         {Jain}, B. and {Koekemoer}, A.~M. and {Kruk}, J. and {Leauthaud}, A. and
         {Malhotra}, S. and {Mandelbaum}, R. and {Massara}, E. and
         {Masters}, D. and {Miyatake}, H. and {Plazas}, A. and {Rhoads}, J. and
         {Rhodes}, J. and {Rose}, B. and {Rubin}, D. and {Sako}, M. and
         {Samushia}, L. and {Shirasaki}, M. and {Simet}, M. and {Takada}, M. and
         {Troxel}, M.~A. and {Wu}, H. and {Yoshida}, N. and {Zhai}, Z.},
        title = "{WFIRST: The Essential Cosmology Space Observatory for the Coming Decade}",
      journal = {arXiv e-prints},
     keywords = {Astrophysics - Cosmology and Nongalactic Astrophysics, Astrophysics - Instrumentation and Methods for Astrophysics},
         year = "2019",
        month = "Apr",
          eid = {arXiv:1904.01174},
        pages = {arXiv:1904.01174},
archivePrefix = {arXiv},
       eprint = {1904.01174},
 primaryClass = {astro-ph.CO},
       adsurl = {https://ui.adsabs.harvard.edu/abs/2019arXiv190401174D},
      adsnote = {Provided by the SAO/NASA Astrophysics Data System}
}



@ARTICLE{2016arXiv161002743A,
       author = {{Abazajian}, Kevork N. and {Adshead}, Peter and {Ahmed}, Zeeshan and
         {Allen}, Steven W. and {Alonso}, David and {Arnold}, Kam S. and
         {Baccigalupi}, Carlo and {Bartlett}, James G. and
         {Battaglia}, Nicholas and {Benson}, Bradford A. and
         {Bischoff}, Colin A. and {Borrill}, Julian and {Buza}, Victor and
         {Calabrese}, Erminia and {Caldwell}, Robert and {Carlstrom}, John E. and
         {Chang}, Clarence L. and {Crawford}, Thomas M. and
         {Cyr-Racine}, Francis-Yan and {De Bernardis}, Francesco and
         {de Haan}, Tijmen and {di Serego Alighieri}, Sperello and
         {Dunkley}, Joanna and {Dvorkin}, Cora and {Errard}, Josquin and
         {Fabbian}, Giulio and {Feeney}, Stephen and {Ferraro}, Simone and
         {Filippini}, Jeffrey P. and {Flauger}, Raphael and {Fuller}, George M. and
         {Gluscevic}, Vera and {Green}, Daniel and {Grin}, Daniel and
         {Grohs}, Evan and {Henning}, Jason W. and {Hill}, J. Colin and
         {Hlozek}, Renee and {Holder}, Gilbert and {Holzapfel}, William and
         {Hu}, Wayne and {Huffenberger}, Kevin M. and {Keskitalo}, Reijo and
         {Knox}, Lloyd and {Kosowsky}, Arthur and {Kovac}, John and
         {Kovetz}, Ely D. and {Kuo}, Chao-Lin and {Kusaka}, Akito and
         {Le Jeune}, Maude and {Lee}, Adrian T. and {Lilley}, Marc and
         {Loverde}, Marilena and {Madhavacheril}, Mathew S. and {Mantz}, Adam and
         {Marsh}, David J.~E. and {McMahon}, Jeffrey and
         {Meerburg}, Pieter Daniel and {Meyers}, Joel and {Miller}, Amber D. and
         {Munoz}, Julian B. and {Nguyen}, Ho Nam and {Niemack}, Michael D. and
         {Peloso}, Marco and {Peloton}, Julien and {Pogosian}, Levon and
         {Pryke}, Clement and {Raveri}, Marco and {Reichardt}, Christian L. and
         {Rocha}, Graca and {Rotti}, Aditya and {Schaan}, Emmanuel and
         {Schmittfull}, Marcel M. and {Scott}, Douglas and {Sehgal}, Neelima and
         {Shandera}, Sarah and {Sherwin}, Blake D. and {Smith}, Tristan L. and
         {Sorbo}, Lorenzo and {Starkman}, Glenn D. and {Story}, Kyle T. and
         {van Engelen}, Alexander and {Vieira}, Joaquin D. and {Watson}, Scott and
         {Whitehorn}, Nathan and {Kimmy Wu}, W.~L.},
        title = "{CMB-S4 Science Book, First Edition}",
      journal = {arXiv e-prints},
     keywords = {Astrophysics - Cosmology and Nongalactic Astrophysics, General Relativity and Quantum Cosmology, High Energy Physics - Phenomenology, High Energy Physics - Theory},
         year = "2016",
        month = "Oct",
          eid = {arXiv:1610.02743},
        pages = {arXiv:1610.02743},
archivePrefix = {arXiv},
       eprint = {1610.02743},
 primaryClass = {astro-ph.CO},
       adsurl = {https://ui.adsabs.harvard.edu/abs/2016arXiv161002743A},
      adsnote = {Provided by the SAO/NASA Astrophysics Data System}
}



@article{Aghamousa:2016zmz,
author = {{DESI Collaboration} and {Aghamousa}, Amir and {Aguilar}, Jessica and
         {Ahlen}, Steve and {Alam}, Shadab and {Allen}, Lori E. and
         {Allende Prieto}, Carlos and {Annis}, James and {Bailey}, Stephen and
         {Balland}, Christophe and {Ballester}, Otger and {Baltay}, Charles and
         {Beaufore}, Lucas and {Bebek}, Chris and {Beers}, Timothy C. and
         {Bell}, Eric F. and {Bernal}, Jos{\'e} Luis and {Besuner}, Robert and
         {Beutler}, Florian and {Blake}, Chris and {Bleuler}, Hannes and
         {Blomqvist}, Michael and {Blum}, Robert and {Bolton}, Adam S. and
         {Briceno}, Cesar and {Brooks}, David and {Brownstein}, Joel R. and
         {Buckley-Geer}, Elizabeth and {Burden}, Angela and {Burtin}, Etienne and
         {Busca}, Nicolas G. and {Cahn}, Robert N. and {Cai}, Yan-Chuan and
         {Cardiel-Sas}, Laia and {Carlberg}, Raymond G. and
         {Carton}, Pierre-Henri and {Casas}, Ricard and {Castand
        er}, Francisco J. and {Cervantes-Cota}, Jorge L. and
         {Claybaugh}, Todd M. and {Close}, Madeline and {Coker}, Carl T. and
         {Cole}, Shaun and {Comparat}, Johan and {Cooper}, Andrew P. and
         {Cousinou}, M. -C. and {Crocce}, Martin and {Cuby}, Jean-Gabriel and
         {Cunningham}, Daniel P. and {Davis}, Tamara M. and {Dawson}, Kyle S. and
         {de la Macorra}, Axel and {De Vicente}, Juan and
         {Delubac}, Timoth{\'e}e and {Derwent}, Mark and {Dey}, Arjun and
         {Dhungana}, Govinda and {Ding}, Zhejie and {Doel}, Peter and
         {Duan}, Yutong T. and {Ealet}, Anne and {Edelstein}, Jerry and
         {Eftekharzadeh}, Sarah and {Eisenstein}, Daniel J. and {Elliott}, Ann and
         {Escoffier}, St{\'e}phanie and {Evatt}, Matthew and
         {Fagrelius}, Parker and {Fan}, Xiaohui and {Fanning}, Kevin and
         {Farahi}, Arya and {Farihi}, Jay and {Favole}, Ginevra and {Feng}, Yu and
         {Fernandez}, Enrique and {Findlay}, Joseph R. and
         {Finkbeiner}, Douglas P. and {Fitzpatrick}, Michael J. and
         {Flaugher}, Brenna and {Flender}, Samuel and {Font-Ribera}, Andreu and
         {Forero-Romero}, Jaime E. and {Fosalba}, Pablo and {Frenk}, Carlos S. and
         {Fumagalli}, Michele and {Gaensicke}, Boris T. and {Gallo}, Giuseppe and
         {Garcia-Bellido}, Juan and {Gaztanaga}, Enrique and
         {Pietro Gentile Fusillo}, Nicola and {Gerard}, Terry and
         {Gershkovich}, Irena and {Giannantonio}, Tommaso and {Gillet}, Denis and
         {Gonzalez-de-Rivera}, Guillermo and {Gonzalez-Perez}, Violeta and
         {Gott}, Shelby and {Graur}, Or and {Gutierrez}, Gaston and
         {Guy}, Julien and {Habib}, Salman and {Heetderks}, Henry and
         {Heetderks}, Ian and {Heitmann}, Katrin and {Hellwing}, Wojciech A. and
         {Herrera}, David A. and {Ho}, Shirley and {Holland}, Stephen and
         {Honscheid}, Klaus and {Huff}, Eric and {Hutchinson}, Timothy A. and
         {Huterer}, Dragan and {Hwang}, Ho Seong and
         {Illa Laguna}, Joseph Maria and {Ishikawa}, Yuzo and {Jacobs}, Dianna and
         {Jeffrey}, Niall and {Jelinsky}, Patrick and {Jennings}, Elise and
         {Jiang}, Linhua and {Jimenez}, Jorge and {Johnson}, Jennifer and
         {Joyce}, Richard and {Jullo}, Eric and {Juneau}, St{\'e}phanie and
         {Kama}, Sami and {Karcher}, Armin and {Karkar}, Sonia and
         {Kehoe}, Robert and {Kennamer}, Noble and {Kent}, Stephen and
         {Kilbinger}, Martin and {Kim}, Alex G. and {Kirkby}, David and
         {Kisner}, Theodore and {Kitanidis}, Ellie and {Kneib}, Jean-Paul and
         {Koposov}, Sergey and {Kovacs}, Eve and {Koyama}, Kazuya and
         {Kremin}, Anthony and {Kron}, Richard and {Kronig}, Luzius and
         {Kueter-Young}, Andrea and {Lacey}, Cedric G. and {Lafever}, Robin and
         {Lahav}, Ofer and {Lambert}, Andrew and {Lampton}, Michael and {Land
        riau}, Martin and {Lang}, Dustin and {Lauer}, Tod R. and
         {Le Goff}, Jean-Marc and {Le Guillou}, Laurent and
         {Le Van Suu}, Auguste and {Lee}, Jae Hyeon and {Lee}, Su-Jeong and
         {Leitner}, Daniela and {Lesser}, Michael and {Levi}, Michael E. and
         {L'Huillier}, Benjamin and {Li}, Baojiu and {Liang}, Ming and
         {Lin}, Huan and {Linder}, Eric and {Loebman}, Sarah R. and
         {Luki{\'c}}, Zarija and {Ma}, Jun and {MacCrann}, Niall and
         {Magneville}, Christophe and {Makarem}, Laleh and {Manera}, Marc and
         {Manser}, Christopher J. and {Marshall}, Robert and {Martini}, Paul and
         {Massey}, Richard and {Matheson}, Thomas and {McCauley}, Jeremy and
         {McDonald}, Patrick and {McGreer}, Ian D. and {Meisner}, Aaron and
         {Metcalfe}, Nigel and {Miller}, Timothy N. and {Miquel}, Ramon and
         {Moustakas}, John and {Myers}, Adam and {Naik}, Milind and
         {Newman}, Jeffrey A. and {Nichol}, Robert C. and {Nicola}, Andrina and
         {Nicolati da Costa}, Luiz and {Nie}, Jundan and {Niz}, Gustavo and
         {Norberg}, Peder and {Nord}, Brian and {Norman}, Dara and
         {Nugent}, Peter and {O'Brien}, Thomas and {Oh}, Minji and
         {Olsen}, Knut A.~G. and {Padilla}, Cristobal and {Padmanabhan}, Hamsa and
         {Padmanabhan}, Nikhil and {Palanque-Delabrouille}, Nathalie and
         {Palmese}, Antonella and {Pappalardo}, Daniel and
         {P{\^a}ris}, Isabelle and {Park}, Changbom and {Patej}, Anna and
         {Peacock}, John A. and {Peiris}, Hiranya V. and {Peng}, Xiyan and
         {Percival}, Will J. and {Perruchot}, Sandrine and {Pieri}, Matthew M. and
         {Pogge}, Richard and {Pollack}, Jennifer E. and {Poppett}, Claire and
         {Prada}, Francisco and {Prakash}, Abhishek and {Probst}, Ronald G. and
         {Rabinowitz}, David and {Raichoor}, Anand and {Ree}, Chang Hee and
         {Refregier}, Alexandre and {Regal}, Xavier and {Reid}, Beth and
         {Reil}, Kevin and {Rezaie}, Mehdi and {Rockosi}, Constance M. and
         {Roe}, Natalie and {Ronayette}, Samuel and {Roodman}, Aaron and
         {Ross}, Ashley J. and {Ross}, Nicholas P. and {Rossi}, Graziano and
         {Rozo}, Eduardo and {Ruhlmann-Kleider}, Vanina and {Rykoff}, Eli S. and
         {Sabiu}, Cristiano and {Samushia}, Lado and {Sanchez}, Eusebio and
         {Sanchez}, Javier and {Schlegel}, David J. and {Schneider}, Michael and
         {Schubnell}, Michael and {Secroun}, Aur{\'e}lia and {Seljak}, Uros and
         {Seo}, Hee-Jong and {Serrano}, Santiago and {Shafieloo}, Arman and
         {Shan}, Huanyuan and {Sharples}, Ray and {Sholl}, Michael J. and
         {Shourt}, William V. and {Silber}, Joseph H. and {Silva}, David R. and
         {Sirk}, Martin M. and {Slosar}, Anze and {Smith}, Alex and
         {Smoot}, George F. and {Som}, Debopam and {Song}, Yong-Seon and
         {Sprayberry}, David and {Staten}, Ryan and {Stefanik}, Andy and
         {Tarle}, Gregory and {Sien Tie}, Suk and {Tinker}, Jeremy L. and
         {Tojeiro}, Rita and {Valdes}, Francisco and {Valenzuela}, Octavio and
         {Valluri}, Monica and {Vargas-Magana}, Mariana and {Verde}, Licia and
         {Walker}, Alistair R. and {Wang}, Jiali and {Wang}, Yuting and
         {Weaver}, Benjamin A. and {Weaverdyck}, Curtis and {Wechsler}, Risa H. and
         {Weinberg}, David H. and {White}, Martin and {Yang}, Qian and
         {Yeche}, Christophe and {Zhang}, Tianmeng and {Zhao}, Gong-Bo and
         {Zheng}, Yi and {Zhou}, Xu and {Zhou}, Zhimin and {Zhu}, Yaling and
         {Zou}, Hu and {Zu}, Ying},
      title          = "{The DESI Experiment Part I: Science,Targeting, and
                        Survey Design}",
      journal = {arXiv e-prints},
      collaboration  = "DESI",
      year           = "2016",
      eprint         = "1611.00036",
      archivePrefix  = "arXiv",
      primaryClass   = "astro-ph.IM"
}

@ARTICLE{Abate:2012za,
       author = {{LSST Dark Energy Science Collaboration}},
        title = "{Large Synoptic Survey Telescope: Dark Energy Science Collaboration}",
      journal = {arXiv e-prints},
     keywords = {Astrophysics - Cosmology and Extragalactic Astrophysics, High Energy Physics - Experiment},
         year = 2012,
        month = nov,
          eid = {arXiv:1211.0310},
        pages = {arXiv:1211.0310},
archivePrefix = {arXiv},
       eprint = {1211.0310},
 primaryClass = {astro-ph.CO},
       adsurl = {https://ui.adsabs.harvard.edu/abs/2012arXiv1211.0310L},
      adsnote = {Provided by the SAO/NASA Astrophysics Data System}
}

@article{2001AJ....122..549V,
 adsnote = {Provided by the SAO/NASA Astrophysics Data System},
 adsurl = {https://ui.adsabs.harvard.edu/abs/2001AJ....122..549V},
 archiveprefix = {arXiv},
 author = {{Vanden Berk}, Daniel E. and {Richards}, Gordon T. and {Bauer}, Amanda and
{Strauss}, Michael A. and {Schneider}, Donald P. and
{Heckman}, Timothy M. and {York}, Donald G. and {Hall}, Patrick B. and
{Fan}, Xiaohui and {Knapp}, G.~R. and {Anderson}, Scott F. and
{Annis}, James and {Bahcall}, Neta A. and {Bernardi}, Mariangela and
{Briggs}, John W. and {Brinkmann}, J. and {Brunner}, Robert and
{Burles}, Scott and {Carey}, Larry and {Castander}, Francisco J. and
{Connolly}, A.~J. and {Crocker}, J.~H. and {Csabai}, Istv{\'a}n and
{Doi}, Mamoru and {Finkbeiner}, Douglas and {Friedman}, Scott and
{Frieman}, Joshua A. and {Fukugita}, Masataka and {Gunn}, James E. and
{Hennessy}, G.~S. and {Ivezi{\'c}}, {\v{Z}}eljko and {Kent}, Stephen and
{Kunszt}, Peter Z. and {Lamb}, D.~Q. and {Leger}, R. French and
{Long}, Daniel C. and {Loveday}, Jon and {Lupton}, Robert H. and
{Meiksin}, Avery and {Merelli}, Aronne and {Munn}, Jeffrey A. and
{Newberg}, Heidi Jo and {Newcomb}, Matt and {Nichol}, R.~C. and
{Owen}, Russell and {Pier}, Jeffrey R. and {Pope}, Adrian and
{Rockosi}, Constance M. and {Schlegel}, David J. and
{Siegmund}, Walter A. and {Smee}, Stephen and {Snir}, Yehuda and
{Stoughton}, Chris and {Stubbs}, Christopher and {SubbaRao}, Mark and
{Szalay}, Alexander S. and {Szokoly}, Gyula P. and {Tremonti}, Christy and
{Uomoto}, Alan and {Waddell}, Patrick and {Yanny}, Brian and
{Zheng}, Wei},
 doi = {10.1086/321167},
 eprint = {astro-ph/0105231},
 journal = {\aj},
 keywords = {Galaxies: Quasars: Emission Lines, Galaxies: Quasars: General, Astrophysics},
 month = {Aug},
 number = {2},
 pages = {549-564},
 primaryclass = {astro-ph},
 title = {{Composite Quasar Spectra from the Sloan Digital Sky Survey}},
 volume = {122},
 year = {2001}
}

@article{2008ApJ...673..864J,
 adsnote = {Provided by the SAO/NASA Astrophysics Data System},
 adsurl = {https://ui.adsabs.harvard.edu/abs/2008ApJ...673..864J},
 archiveprefix = {arXiv},
 author = {{Juri{\'c}}, Mario and {Ivezi{\'c}}, {\v{Z}}eljko and {Brooks}, Alyson and
{Lupton}, Robert H. and {Schlegel}, David and {Finkbeiner}, Douglas and
{Padmanabhan}, Nikhil and {Bond}, Nicholas and {Sesar}, Branimir and
{Rockosi}, Constance M. and {Knapp}, Gillian R. and {Gunn}, James E. and
{Sumi}, Takahiro and {Schneider}, Donald P. and {Barentine}, J.~C. and
{Brewington}, Howard J. and {Brinkmann}, J. and {Fukugita}, Masataka and
{Harvanek}, Michael and {Kleinman}, S.~J. and {Krzesinski}, Jurek and
{Long}, Dan and {Neilsen}, Eric H., Jr. and {Nitta}, Atsuko and
{Snedden}, Stephanie A. and {York}, Donald G.},
 doi = {10.1086/523619},
 eprint = {astro-ph/0510520},
 journal = {\apj},
 keywords = {Galaxy: disk, Galaxy: fundamental parameters, Galaxy: halo, Galaxy: structure, Astrophysics},
 month = {Feb},
 number = {2},
 pages = {864-914},
 primaryclass = {astro-ph},
 title = {{The Milky Way Tomography with SDSS. I. Stellar Number Density Distribution}},
 volume = {673},
 year = {2008}
}

@article{2008MNRAS.383..113Z,
 adsnote = {Provided by the SAO/NASA Astrophysics Data System},
 adsurl = {https://ui.adsabs.harvard.edu/abs/2008MNRAS.383..113Z},
 archiveprefix = {arXiv},
 author = {{Zhang}, Jun},
 doi = {10.1111/j.1365-2966.2007.12585.x},
 eprint = {astro-ph/0612146},
 journal = {\mnras},
 keywords = {cosmology: theory, Astrophysics},
 month = {Jan},
 number = {1},
 pages = {113-118},
 primaryclass = {astro-ph},
 title = {{Measuring the cosmic shear in Fourier space}},
 volume = {383},
 year = {2008}
}

@article{2010ApJ...708..717S,
 adsnote = {Provided by the SAO/NASA Astrophysics Data System},
 adsurl = {https://ui.adsabs.harvard.edu/abs/2010ApJ...708..717S},
 archiveprefix = {arXiv},
 author = {{Sesar}, Branimir and {Ivezi{\'c}}, {\v{Z}}eljko and
{Grammer}, Skyler H. and {Morgan}, Dylan P. and {Becker}, Andrew C. and
{Juri{\'c}}, Mario and {De Lee}, Nathan and {Annis}, James and
{Beers}, Timothy C. and {Fan}, Xiaohui and {Lupton}, Robert H. and
{Gunn}, James E. and {Knapp}, Gillian R. and {Jiang}, Linhua and
{Jester}, Sebastian and {Johnston}, David E. and {Lampeitl}, Hubert},
 doi = {10.1088/0004-637X/708/1/717},
 eprint = {0910.4611},
 journal = {\apj},
 keywords = {Galaxy: halo, Galaxy: stellar content, Galaxy: structure, methods: data analysis, stars: horizontal-branch, stars: statistics, stars: variables: other, Astrophysics - Astrophysics of Galaxies},
 month = {Jan},
 number = {1},
 pages = {717-741},
 primaryclass = {astro-ph.GA},
 title = {{Light Curve Templates and Galactic Distribution of RR Lyrae Stars from Sloan Digital Sky Survey Stripe 82}},
 volume = {708},
 year = {2010}
}

@article{2010ApJ...721.1014M,
 adsnote = {Provided by the SAO/NASA Astrophysics Data System},
 adsurl = {https://ui.adsabs.harvard.edu/abs/2010ApJ...721.1014M},
 archiveprefix = {arXiv},
 author = {{MacLeod}, C.~L. and {Ivezi{\'c}}, {\v{Z}}. and {Kochanek}, C.~S. and
{Koz{\l}owski}, S. and {Kelly}, B. and {Bullock}, E. and {Kimball}, A. and
{Sesar}, B. and {Westman}, D. and {Brooks}, K. and {Gibson}, R. and
{Becker}, A.~C. and {de Vries}, W.~H.},
 doi = {10.1088/0004-637X/721/2/1014},
 eprint = {1004.0276},
 journal = {\apj},
 keywords = {quasars: general, Astrophysics - Cosmology and Extragalactic Astrophysics},
 month = {Oct},
 number = {2},
 pages = {1014-1033},
 primaryclass = {astro-ph.CO},
 title = {{Modeling the Time Variability of SDSS Stripe 82 Quasars as a Damped Random Walk}},
 volume = {721},
 year = {2010}
}

@article{OM10,
 adsnote = {Provided by the SAO/NASA Astrophysics Data System},
 adsurl = {https://ui.adsabs.harvard.edu/abs/2010MNRAS.405.2579O},
 archiveprefix = {arXiv},
 author = {{Oguri}, Masamune and {Marshall}, Philip J.},
 doi = {10.1111/j.1365-2966.2010.16639.x},
 eprint = {1001.2037},
 journal = {\mnras},
 keywords = {gravitational lensing: strong, cosmological parameters, cosmology: theory, Astrophysics - Cosmology and Nongalactic Astrophysics},
 month = {Jul},
 number = {4},
 pages = {2579-2593},
 primaryclass = {astro-ph.CO},
 title = {{Gravitationally lensed quasars and supernovae in future wide-field optical imaging surveys}},
 volume = {405},
 year = {2010}
}

@inproceedings{2010SPIE.7738E..1OC,
 adsnote = {Provided by the SAO/NASA Astrophysics Data System},
 adsurl = {https://ui.adsabs.harvard.edu/abs/2010SPIE.7738E..1OC},
 author = {{Connolly}, A.~J. and {Peterson}, John and {Jernigan}, J. Garrett and
{Abel}, Robert and {Bankert}, Justin and {Chang}, Chihway and
{Claver}, Charles F. and {Gibson}, Robert and {Gilmore}, David K. and
{Grace}, Emily and {Jones}, R. Lynne and {Ivezic}, Zeljko and
{Jee}, James and {Juric}, Mario and {Kahn}, Steven M. and
{Krabbendam}, Victor L. and {Krughoff}, Simon and {Lorenz}, Suzanne and
{Pizagno}, James and {Rasmussen}, Andrew and {Todd}, Nathan and
{Tyson}, J. Anthony and {Young}, Mallory},
 booktitle = {Modeling, Systems Engineering, and Project Management for Astronomy IV},
 doi = {10.1117/12.857819},
 eid = {77381O},
 month = {Jul},
 pages = {77381O},
 series = {Society of Photo-Optical Instrumentation Engineers (SPIE) Conference Series},
 title = {{Simulating the LSST system}},
 volume = {7738},
 year = {2010}
}

@article{2014ApJ...797..122D,
 adsnote = {Provided by the SAO/NASA Astrophysics Data System},
 adsurl = {https://ui.adsabs.harvard.edu/abs/2014ApJ...797..122D},
 archiveprefix = {arXiv},
 author = {{Davenport}, James R.~A. and {Hawley}, Suzanne L. and {Hebb}, Leslie and
{Wisniewski}, John P. and {Kowalski}, Adam F. and {Johnson}, Emily C. and
{Malatesta}, Michael and {Peraza}, Jesus and {Keil}, Marcus and
{Silverberg}, Steven M. and {Jansen}, Tiffany C. and
{Scheffler}, Matthew S. and {Berdis}, Jodi R. and {Larsen}, Daniel M. and
{Hilton}, Eric J.},
 doi = {10.1088/0004-637X/797/2/122},
 eid = {122},
 eprint = {1411.3723},
 journal = {\apj},
 keywords = {stars: activity, stars: flare, stars: low-mass, Astrophysics - Solar and Stellar Astrophysics},
 month = {Dec},
 number = {2},
 pages = {122},
 primaryclass = {astro-ph.SR},
 title = {{Kepler Flares. II. The Temporal Morphology of White-light Flares on GJ 1243}},
 volume = {797},
 year = {2014}
}

@article{2015ApJ...811...20C,
 adsnote = {Provided by the SAO/NASA Astrophysics Data System},
 adsurl = {http://adsabs.harvard.edu/abs/2015ApJ...811...20C},
 archiveprefix = {arXiv},
 author = {{Collett}, T.~E.},
 doi = {10.1088/0004-637X/811/1/20},
 eid = {20},
 eprint = {1507.02657},
 journal = {\apj},
 keywords = {gravitational lensing: strong},
 month = {September},
 pages = {20},
 title = {{The Population of Galaxy-Galaxy Strong Lenses in Forthcoming Optical Imaging Surveys}},
 volume = {811},
 year = {2015}
}

@article{2015JCAP...01..024Z,
 adsnote = {Provided by the SAO/NASA Astrophysics Data System},
 adsurl = {https://ui.adsabs.harvard.edu/abs/2015JCAP...01..024Z},
 archiveprefix = {arXiv},
 author = {{Zhang}, Jun and {Luo}, Wentao and {Foucaud}, Sebastien},
 doi = {10.1088/1475-7516/2015/01/024},
 eid = {024},
 eprint = {1312.5514},
 journal = {Journal of Cosmology and Astro-Particle Physics},
 keywords = {Astrophysics - Cosmology and Nongalactic Astrophysics},
 month = {Jan},
 number = {1},
 pages = {024},
 primaryclass = {astro-ph.CO},
 title = {{Accurate shear measurement with faint sources}},
 volume = {2015},
 year = {2015}
}

@article{2016A&C....16...99M,
 adsnote = {Provided by the SAO/NASA Astrophysics Data System},
 adsurl = {https://ui.adsabs.harvard.edu/abs/2016A&C....16...99M},
 archiveprefix = {arXiv},
 author = {{Melchior}, P. and {Sheldon}, E. and {Drlica-Wagner}, A. and
{Rykoff}, E.~S. and {Abbott}, T.~M.~C. and {Abdalla}, F.~B. and
{Allam}, S. and {Benoit-L{\'e}vy}, A. and {Brooks}, D. and
{Buckley-Geer}, E. and {Carnero Rosell}, A. and {Carrasco Kind}, M. and
{Carretero}, J. and {Crocce}, M. and {D'Andrea}, C.~B. and
{da Costa}, L.~N. and {Desai}, S. and {Doel}, P. and {Evrard}, A.~E. and
{Finley}, D.~A. and {Flaugher}, B. and {Frieman}, J. and
{Gaztanaga}, E. and {Gerdes}, D.~W. and {Gruen}, D. and
{Gruendl}, R.~A. and {Honscheid}, K. and {James}, D.~J. and
{Jarvis}, M. and {Kuehn}, K. and {Li}, T.~S. and {Maia}, M.~A.~G. and
{March}, M. and {Marshall}, J.~L. and {Nord}, B. and {Ogando}, R. and
{Plazas}, A.~A. and {Romer}, A.~K. and {Sanchez}, E. and
{Scarpine}, V. and {Sevilla-Noarbe}, I. and {Smith}, R.~C. and
{Soares-Santos}, M. and {Suchyta}, E. and {Swanson}, M.~E.~C. and
{Tarle}, G. and {Vikram}, V. and {Walker}, A.~R. and {Wester}, W. and
{Zhang}, Y.},
 doi = {10.1016/j.ascom.2016.04.003},
 eprint = {1511.03391},
 journal = {Astronomy and Computing},
 keywords = {Surveys, Information systems: Crowdsourcing, Human-centered computing: Collaborative filtering, Astrophysics - Instrumentation and Methods for Astrophysics},
 month = {Jul},
 pages = {99-108},
 primaryclass = {astro-ph.IM},
 title = {{Crowdsourcing quality control for Dark Energy Survey images}},
 volume = {16},
 year = {2016}
}

@techreport{2016ksci.rept....3T,
 adsnote = {Provided by the SAO/NASA Astrophysics Data System},
 adsurl = {https://ui.adsabs.harvard.edu/abs/2016ksci.rept....3T},
 author = {{Thompson}, Susan. E. and {Caldwell}, Douglas. A. and {Jenkins}, Jon M. and
{Barclay}, Thomas and {Barentsen}, Geert and {Bryson}, Stephen T. and
{Burke}, Christopher J. and {Campbell}, Jennifer and
{Catanzarite}, Joseph and {Christiansen}, Jessie L. and
{Clarke}, Bruce D. and {Colon}, Knicole and {Coughlin}, Jeffrey L. and
{Girouard}, Forrest R. and {Haas}, Michael R. and
{Harrison}, Jean-Pierre and {Ibrahim}, Khadeejah and {Klaus}, Todd C. and
{Li}, Jie and {McCauliff}, Sean D. and {Morris}, Rorbert L. and
{Mullally}, Fergal and {Rowe}, Jason and {Sabale}, Anima and
{Seader}, Shawn and {Smith}, Jeffrey C. and {Tenenbaum}, Peter G. and
{Twicken}, Joesph D. and {Kamal Uddin}, Akm and {Van Cleve}, Jeffrey},
 booktitle = {Kepler Science Document},
 journal = {Kepler Science Document, KSCI-19065-002, Edited by Jon Jenkins and Michael R. Haas},
 keywords = {Kepler, DR25},
 month = {Aug},
 pages = {3},
 title = {{Kepler Data Release 25 Notes}},
 year = {2016}
}

@article{2016NewA...42...49H,
 adsnote = {Provided by the SAO/NASA Astrophysics Data System},
 adsurl = {https://ui.adsabs.harvard.edu/abs/2016NewA...42...49H},
 archiveprefix = {arXiv},
 author = {{Habib}, Salman and {Pope}, Adrian and {Finkel}, Hal and
{Frontiere}, Nicholas and {Heitmann}, Katrin and {Daniel}, David and
{Fasel}, Patricia and {Morozov}, Vitali and {Zagaris}, George and
{Peterka}, Tom and {Vishwanath}, Venkatram and {Luki{\'c}}, Zarija and
{Sehrish}, Saba and {Liao}, Wei-keng},
 doi = {10.1016/j.newast.2015.06.003},
 eprint = {1410.2805},
 journal = {New Astronomy},
 keywords = {Cosmology-large scale structure of the Universe, N-body simulations, Astrophysics - Instrumentation and Methods for Astrophysics, Astrophysics - Cosmology and Nongalactic Astrophysics},
 month = {Jan},
 pages = {49-65},
 primaryclass = {astro-ph.IM},
 title = {{HACC: Simulating sky surveys on state-of-the-art supercomputing architectures}},
 volume = {42},
 year = {2016}
}

@inproceedings{2016SPIE.9910E..13D,
 adsnote = {Provided by the SAO/NASA Astrophysics Data System},
 adsurl = {https://ui.adsabs.harvard.edu/abs/2016SPIE.9910E..13D},
 author = {{Delgado}, Francisco and {Reuter}, Michael A.},
 booktitle = {Observatory Operations: Strategies, Processes, and Systems VI},
 doi = {10.1117/12.2233630},
 eid = {991013},
 month = {Jul},
 pages = {991013},
 series = {Society of Photo-Optical Instrumentation Engineers (SPIE) Conference Series},
 title = {{The LSST Scheduler from design to construction}},
 volume = {9910},
 year = {2016}
}

@inproceedings{2016SPIE.9911E..25R,
 adsnote = {Provided by the SAO/NASA Astrophysics Data System},
 adsurl = {https://ui.adsabs.harvard.edu/abs/2016SPIE.9911E..25R},
 author = {{Reuter}, Michael A. and {Cook}, Kem H. and {Delgado}, Francisco and
{Petry}, Catherine E. and {Ridgway}, Stephen T.},
 booktitle = {Modeling, Systems Engineering, and Project Management for Astronomy VI},
 doi = {10.1117/12.2232680},
 eid = {991125},
 month = {Aug},
 pages = {991125},
 series = {Society of Photo-Optical Instrumentation Engineers (SPIE) Conference Series},
 title = {{Simulating the LSST OCS for conducting survey simulations using the LSST scheduler}},
 volume = {9911},
 year = {2016}
}

@article{2017ApJ...841...24S,
 adsnote = {Provided by the SAO/NASA Astrophysics Data System},
 adsurl = {https://ui.adsabs.harvard.edu/abs/2017ApJ...841...24S},
 archiveprefix = {arXiv},
 author = {{Sheldon}, Erin S. and {Huff}, Eric M.},
 doi = {10.3847/1538-4357/aa704b},
 eid = {24},
 eprint = {1702.02601},
 journal = {\apj},
 keywords = {cosmology: observations, gravitational lensing: weak, methods: observational, Astrophysics - Cosmology and Nongalactic Astrophysics},
 month = {May},
 number = {1},
 pages = {24},
 primaryclass = {astro-ph.CO},
 title = {{Practical Weak-lensing Shear Measurement with Metacalibration}},
 volume = {841},
 year = {2017}
}

@article{2018ApJS..234...36M,
 adsnote = {Provided by the SAO/NASA Astrophysics Data System},
 adsurl = {https://ui.adsabs.harvard.edu/abs/2018ApJS..234...36M},
 archiveprefix = {arXiv},
 author = {{Mao}, Yao-Yuan and {Kovacs}, Eve and {Heitmann}, Katrin and
{Uram}, Thomas D. and {Benson}, Andrew J. and {Campbell}, Duncan and
{Cora}, Sof{\'\i}a A. and {DeRose}, Joseph and {Di Matteo}, Tiziana and
{Habib}, Salman and {Hearin}, Andrew P. and {Bryce Kalmbach}, J. and
{Krughoff}, K. Simon and {Lanusse}, Fran{\c{c}}ois and
{Luki{\'c}}, Zarija and {Mandelbaum}, Rachel and {Newman}, Jeffrey A. and
{Padilla}, Nelson and {Paillas}, Enrique and {Pope}, Adrian and
{Ricker}, Paul M. and {Ruiz}, Andr{\'e}s N. and {Tenneti}, Ananth and
{Vega-Mart{\'\i}nez}, Cristian A. and {Wechsler}, Risa H. and
{Zhou}, Rongpu and {Zu}, Ying and
{LSST Dark Energy Science Collaboration}},
 doi = {10.3847/1538-4365/aaa6c3},
 eid = {36},
 eprint = {1709.09665},
 journal = {\apjs},
 keywords = {large-scale structure of universe, methods: numerical, Astrophysics - Instrumentation and Methods for Astrophysics, Astrophysics - Cosmology and Nongalactic Astrophysics},
 month = {Feb},
 number = {2},
 pages = {36},
 primaryclass = {astro-ph.IM},
 title = {{DESCQA: An Automated Validation Framework for Synthetic Sky Catalogs}},
 volume = {234},
 year = {2018}
}

@article{2018arXiv180901669T,
 adsnote = {Provided by the SAO/NASA Astrophysics Data System},
 adsurl = {https://ui.adsabs.harvard.edu/abs/2018arXiv180901669T},
 archiveprefix = {arXiv},
 author = {{The LSST Dark Energy Science Collaboration} and {Mandelbaum}, Rachel and
{Eifler}, Tim and {Hlo{\v{z}}ek}, Ren{\'e}e and {Collett}, Thomas and
{Gawiser}, Eric and {Scolnic}, Daniel and {Alonso}, David and
{Awan}, Humna and {Biswas}, Rahul and {Blazek}, Jonathan and
{Burchat}, Patricia and {Chisari}, Nora Elisa and {Dell'Antonio}, Ian and
{Digel}, Seth and {Frieman}, Josh and {Goldstein}, Daniel A. and
{Hook}, Isobel and {Ivezi{\'c}}, {\v{Z}}eljko and {Kahn}, Steven M. and
{Kamath}, Sowmya and {Kirkby}, David and {Kitching}, Thomas and
{Krause}, Elisabeth and {Leget}, Pierre-Fran{\c{c}}ois and
{Marshall}, Philip J. and {Meyers}, Joshua and {Miyatake}, Hironao and
{Newman}, Jeffrey A. and {Nichol}, Robert and {Rykoff}, Eli and
{Sanchez}, F. Javier and {Slosar}, An{\v{z}}e and {Sullivan}, Mark and
{Troxel}, M.~A.},
 eid = {arXiv:1809.01669},
 eprint = {1809.01669},
 journal = {arXiv e-prints},
 keywords = {Astrophysics - Cosmology and Nongalactic Astrophysics},
 month = {Sep},
 pages = {arXiv:1809.01669},
 primaryclass = {astro-ph.CO},
 title = {{The LSST Dark Energy Science Collaboration (DESC) Science Requirements Document}},
 year = {2018}
}

@article{2018arXiv180910147G,
 adsnote = {Provided by the SAO/NASA Astrophysics Data System},
 adsurl = {https://ui.adsabs.harvard.edu/abs/2018arXiv180910147G},
 archiveprefix = {arXiv},
 author = {{Goldstein}, Daniel A. and {Nugent}, Peter E. and {Goobar}, Ariel},
 eid = {arXiv:1809.10147},
 eprint = {1809.10147},
 journal = {arXiv e-prints},
 keywords = {Astrophysics - Astrophysics of Galaxies, Astrophysics - Cosmology and Nongalactic Astrophysics},
 month = {Sep},
 pages = {arXiv:1809.10147},
 primaryclass = {astro-ph.GA},
 title = {{Rates and Properties of Strongly Gravitationally Lensed Supernovae and their Host Galaxies in Time-Domain Imaging Surveys}},
 year = {2018}
}

@ARTICLE{2019ApJS..243....6G,
       author = {{Goldstein}, Daniel A. and {Nugent}, Peter E. and {Goobar}, Ariel},
        title = "{Rates and Properties of Supernovae Strongly Gravitationally Lensed by Elliptical Galaxies in Time-domain Imaging Surveys}",
      journal = {\apjs},
     keywords = {gravitational lensing: strong, supernovae: general, Astrophysics - Astrophysics of Galaxies, Astrophysics - Cosmology and Nongalactic Astrophysics},
         year = 2019,
        month = jul,
       volume = {243},
       number = {1},
          eid = {6},
        pages = {6},
          doi = {10.3847/1538-4365/ab1fe0},
archivePrefix = {arXiv},
       eprint = {1809.10147},
 primaryClass = {astro-ph.GA},
       adsurl = {https://ui.adsabs.harvard.edu/abs/2019ApJS..243....6G},
      adsnote = {Provided by the SAO/NASA Astrophysics Data System}
}


@article{Awan+2016,
 adsnote = {Provided by the SAO/NASA Astrophysics Data System},
 adsurl = {https://ui.adsabs.harvard.edu/\#abs/2016ApJ...829...50A},
 archiveprefix = {arXiv},
 author = {{Awan}, Humna and {Gawiser}, Eric and {Kurczynski}, Peter and {Jones},
R. Lynne and {Zhan}, Hu and {Padilla}, Nelson D. and {Mu{\~n}oz
Arancibia}, Alejandra M. and {Orsi}, Alvaro and {Cora},
Sof{\'\i}a A. and {Yoachim}, Peter},
 doi = {10.3847/0004-637X/829/1/50},
 eid = {50},
 eprint = {1605.00555},
 journal = {\apj},
 keywords = {dark energy, large-scale structure of universe, surveys, Astrophysics - Cosmology and Nongalactic Astrophysics},
 month = {September},
 pages = {50},
 primaryclass = {astro-ph.CO},
 title = {{Testing LSST Dither Strategies for Survey Uniformity and Large-scale Structure Systematics}},
 volume = {829},
 year = {2016}
}

@article{behroozi_etal18,
 adsnote = {Provided by the SAO/NASA Astrophysics Data System},
 adsurl = {https://ui.adsabs.harvard.edu/abs/2019MNRAS.tmp.1134B},
 archiveprefix = {arXiv},
 author = {{Behroozi}, Peter and {Wechsler}, Risa H. and {Hearin}, Andrew P. and
{Conroy}, Charlie},
 doi = {10.1093/mnras/stz1182},
 eprint = {1806.07893},
 journal = {\mnras},
 keywords = {galaxies: formation, galaxies: haloes, Astrophysics - Astrophysics of Galaxies},
 month = {May},
 pages = {1134},
 primaryclass = {astro-ph.GA},
 title = {{UniverseMachine: The Correlation between Galaxy Growth and Dark Matter Halo Assembly from z = 0 - 10}},
 year = {2019}
}

@article{benson_2010b,
 adsnote = {Provided by the SAO/NASA Astrophysics Data System},
 adsurl = {https://ui.adsabs.harvard.edu/abs/2012NewA...17..175B},
 archiveprefix = {arXiv},
 author = {{Benson}, Andrew J.},
 doi = {10.1016/j.newast.2011.07.004},
 eprint = {1008.1786},
 journal = {New Astronomy},
 keywords = {Astrophysics - Cosmology and Nongalactic Astrophysics, Astrophysics - Astrophysics of Galaxies},
 month = {Feb},
 number = {2},
 pages = {175-197},
 primaryclass = {astro-ph.CO},
 title = {{G ALACTICUS: A semi-analytic model of galaxy formation}},
 volume = {17},
 year = {2012}
}

@ARTICLE{dc1,
       author = {{S{\'a}nchez}, J. and {Walter}, C.~W. and {Awan}, H. and {Chiang}, J. and
         {Daniel}, S.~F. and {Gawiser}, E. and {Glanzman}, T. and {Kirkby}, D. and
         {Mandelbaum}, R. and {Slosar}, A. and {Wood-Vasey}, W.~M. and
         {AlSayyad}, Y. and {Burke}, C.~J. and {Digel}, S.~W. and {Jarvis}, M. and
         {Johnson}, T. and {Kelly}, H. and {Krughoff}, S. and {Lupton}, R.~H. and
         {Marshall}, P.~J. and {Peterson}, J.~R. and {Price}, P.~A. and
         {Sembroski}, G. and {Van Klaveren}, B. and {Wiesner}, M.~P. and
         {Xin}, B. and {The LSST Dark Energy Science Collaboration}},
        title = "{The LSST DESC data challenge 1: generation and analysis of synthetic images for next-generation surveys}",
      journal = {\mnras},
     keywords = {methods: observational, catalogues, software: simulations, cosmology: dark energy, Astrophysics - Instrumentation and Methods for Astrophysics},
         year = 2020,
        month = jul,
       volume = {497},
       number = {1},
        pages = {210-228},
          doi = {10.1093/mnras/staa1957},
archivePrefix = {arXiv},
       eprint = {2001.00941},
 primaryClass = {astro-ph.IM},
       adsurl = {https://ui.adsabs.harvard.edu/abs/2020MNRAS.497..210S},
      adsnote = {Provided by the SAO/NASA Astrophysics Data System}
}


@ARTICLE{korytov,
       author = {{Korytov}, Danila and {Hearin}, Andrew and {Kovacs}, Eve and
         {Larsen}, Patricia and {Rangel}, Esteban and {Hollowed}, Joseph and
         {Benson}, Andrew J. and {Heitmann}, Katrin and {Mao}, Yao-Yuan and
         {Bahmanyar}, Anita and {Chang}, Chihway and {Campbell}, Duncan and
         {DeRose}, Joseph and {Finkel}, Hal and {Frontiere}, Nicholas and
         {Gawiser}, Eric and {Habib}, Salman and {Joachimi}, Benjamin and
         {Lanusse}, Fran{\c{c}}ois and {Li}, Nan and {Mandelbaum}, Rachel and
         {Morrison}, Christopher and {Newman}, Jeffrey A. and {Pope}, Adrian and
         {Rykoff}, Eli and {Simet}, Melanie and {To}, Chun-Hao and
         {Vikraman}, Vinu and {Wechsler}, Risa H. and {White}, Martin and
         {(The LSST Dark Energy Science Collaboration}},
        title = "{CosmoDC2: A Synthetic Sky Catalog for Dark Energy Science with LSST}",
      journal = {\apjs},
     keywords = {Galaxies, Cosmology, Large-scale structure of the universe, Dark energy, Astrophysics - Cosmology and Nongalactic Astrophysics, Astrophysics - Astrophysics of Galaxies},
         year = "2019",
        month = "Dec",
       volume = {245},
       number = {2},
          eid = {26},
        pages = {26},
          doi = {10.3847/1538-4365/ab510c},
archivePrefix = {arXiv},
       eprint = {1907.06530},
 primaryClass = {astro-ph.CO},
       adsurl = {https://ui.adsabs.harvard.edu/abs/2019ApJS..245...26K},
      adsnote = {Provided by the SAO/NASA Astrophysics Data System}
}




@article{LPM-17,
 author = {Ivezi{\'c}, {\v{Z}.} and the LSST Science Collaboration},
 journal = {Online article},
 title = {LSST Science Requirements Document},
 url = {http://ls.st/LPM-17},
 year = {2013}
}



@misc{parsl,
 author = {Babuji, Yadu and
Woodard, Anna and
Li, Zhuozhao and
Katz, Daniel S. and
Clifford, Ben and
Kumar, Rohan and
Lacinski, Lukasz and
Chard, Ryan and
Wozniak, Justin and
Foster, Ian and
Wilde, Mike and
Chard, Kyle},
 booktitle = {28th ACM International Symposium on High-Performance Parallel and Distributed Computing (HPDC)},
 doi = {10.1145/3307681.3325400},
 title = {Parsl: Pervasive Parallel Programming in Python},
 url = {https://doi.org/10.1145/3307681.3325400},
 year = {2019}
}

@article{singularity,
 adsnote = {Provided by the SAO/NASA Astrophysics Data System},
 adsurl = {https://ui.adsabs.harvard.edu/abs/2017PLoSO..1277459K},
 author = {{Kurtzer}, Gregory M. and {Sochat}, Vanessa and {Bauer}, Michael W.},
 doi = {10.1371/journal.pone.0177459},
 journal = {PLoS ONE},
 month = {May},
 number = {5},
 pages = {e0177459},
 title = {{Singularity: Scientific containers for mobility of compute}},
 volume = {12},
 year = {2017}
}

@article{Springel:2005nw,
 adsnote = {Provided by the SAO/NASA Astrophysics Data System},
 adsurl = {https://ui.adsabs.harvard.edu/abs/2005Natur.435..629S},
 archiveprefix = {arXiv},
 author = {{Springel}, Volker and {White}, Simon D.~M. and {Jenkins}, Adrian and
{Frenk}, Carlos S. and {Yoshida}, Naoki and {Gao}, Liang and
{Navarro}, Julio and {Thacker}, Robert and {Croton}, Darren and
{Helly}, John and {Peacock}, John A. and {Cole}, Shaun and
{Thomas}, Peter and {Couchman}, Hugh and {Evrard}, August and
{Colberg}, J{\"o}rg and {Pearce}, Frazer},
 doi = {10.1038/nature03597},
 eprint = {astro-ph/0504097},
 journal = {\nat},
 keywords = {Astrophysics},
 month = {Jun},
 number = {7042},
 pages = {629-636},
 primaryclass = {astro-ph},
 title = {{Simulations of the formation, evolution and clustering of galaxies and quasars}},
 volume = {435},
 year = {2005}
}

@article{validation,
 archiveprefix = {arXiv},
 author = {{DESC et al.}},
 eprint = {19xx.xxxx},
 journal = {arXiv e-prints},
 year = {2019}
}

@ARTICLE{2019ApJ...873..111I,
       author = {{Ivezi{\'c}}, {\v{Z}}eljko and {Kahn}, Steven M. and
         {Tyson}, J. Anthony and {Abel}, Bob and {Acosta}, Emily and
         {Allsman}, Robyn and {Alonso}, David and {AlSayyad}, Yusra and
         {Anderson}, Scott F. and {Andrew}, John and {Angel}, James Roger P. and
         {Angeli}, George Z. and {Ansari}, Reza and {Antilogus}, Pierre and
         {Araujo}, Constanza and {Armstrong}, Robert and {Arndt}, Kirk T. and
         {Astier}, Pierre and {Aubourg}, {\'E}ric and {Auza}, Nicole and
         {Axelrod}, Tim S. and {Bard}, Deborah J. and {Barr}, Jeff D. and
         {Barrau}, Aurelian and {Bartlett}, James G. and {Bauer}, Amanda E. and
         {Bauman}, Brian J. and {Baumont}, Sylvain and {Bechtol}, Ellen and
         {Bechtol}, Keith and {Becker}, Andrew C. and {Becla}, Jacek and
         {Beldica}, Cristina and {Bellavia}, Steve and {Bianco}, Federica B. and
         {Biswas}, Rahul and {Blanc}, Guillaume and {Blazek}, Jonathan and {Bland
        ford}, Roger D. and {Bloom}, Josh S. and {Bogart}, Joanne and
         {Bond}, Tim W. and {Booth}, Michael T. and {Borgland}, Anders W. and
         {Borne}, Kirk and {Bosch}, James F. and {Boutigny}, Dominique and
         {Brackett}, Craig A. and {Bradshaw}, Andrew and {Brand
        t}, William Nielsen and {Brown}, Michael E. and {Bullock}, James S. and
         {Burchat}, Patricia and {Burke}, David L. and {Cagnoli}, Gianpietro and
         {Calabrese}, Daniel and {Callahan}, Shawn and {Callen}, Alice L. and
         {Carlin}, Jeffrey L. and {Carlson}, Erin L. and {Chand
        rasekharan}, Srinivasan and {Charles-Emerson}, Glenaver and
         {Chesley}, Steve and {Cheu}, Elliott C. and {Chiang}, Hsin-Fang and
         {Chiang}, James and {Chirino}, Carol and {Chow}, Derek and
         {Ciardi}, David R. and {Claver}, Charles F. and {Cohen-Tanugi}, Johann and
         {Cockrum}, Joseph J. and {Coles}, Rebecca and {Connolly}, Andrew J. and
         {Cook}, Kem H. and {Cooray}, Asantha and {Covey}, Kevin R. and
         {Cribbs}, Chris and {Cui}, Wei and {Cutri}, Roc and {Daly}, Philip N. and
         {Daniel}, Scott F. and {Daruich}, Felipe and {Daubard}, Guillaume and
         {Daues}, Greg and {Dawson}, William and {Delgado}, Francisco and
         {Dellapenna}, Alfred and {de Peyster}, Robert and
         {de Val-Borro}, Miguel and {Digel}, Seth W. and {Doherty}, Peter and
         {Dubois}, Richard and {Dubois-Felsmann}, Gregory P. and
         {Durech}, Josef and {Economou}, Frossie and {Eifler}, Tim and
         {Eracleous}, Michael and {Emmons}, Benjamin L. and
         {Fausti Neto}, Angelo and {Ferguson}, Henry and {Figueroa}, Enrique and
         {Fisher-Levine}, Merlin and {Focke}, Warren and {Foss}, Michael D. and
         {Frank}, James and {Freemon}, Michael D. and {Gangler}, Emmanuel and
         {Gawiser}, Eric and {Geary}, John C. and {Gee}, Perry and
         {Geha}, Marla and {Gessner}, Charles J.~B. and {Gibson}, Robert R. and
         {Gilmore}, D. Kirk and {Glanzman}, Thomas and {Glick}, William and
         {Goldina}, Tatiana and {Goldstein}, Daniel A. and {Goodenow}, Iain and
         {Graham}, Melissa L. and {Gressler}, William J. and {Gris}, Philippe and
         {Guy}, Leanne P. and {Guyonnet}, Augustin and {Haller}, Gunther and
         {Harris}, Ron and {Hascall}, Patrick A. and {Haupt}, Justine and {Hernand
        ez}, Fabio and {Herrmann}, Sven and {Hileman}, Edward and
         {Hoblitt}, Joshua and {Hodgson}, John A. and {Hogan}, Craig and
         {Howard}, James D. and {Huang}, Dajun and {Huffer}, Michael E. and
         {Ingraham}, Patrick and {Innes}, Walter R. and {Jacoby}, Suzanne H. and
         {Jain}, Bhuvnesh and {Jammes}, Fabrice and {Jee}, M. James and
         {Jenness}, Tim and {Jernigan}, Garrett and {Jevremovi{\'c}}, Darko and
         {Johns}, Kenneth and {Johnson}, Anthony S. and
         {Johnson}, Margaret W.~G. and {Jones}, R. Lynne and
         {Juramy-Gilles}, Claire and {Juri{\'c}}, Mario and {Kalirai}, Jason S. and
         {Kallivayalil}, Nitya J. and {Kalmbach}, Bryce and
         {Kantor}, Jeffrey P. and {Karst}, Pierre and {Kasliwal}, Mansi M. and
         {Kelly}, Heather and {Kessler}, Richard and {Kinnison}, Veronica and
         {Kirkby}, David and {Knox}, Lloyd and {Kotov}, Ivan V. and
         {Krabbendam}, Victor L. and {Krughoff}, K. Simon and
         {Kub{\'a}nek}, Petr and {Kuczewski}, John and {Kulkarni}, Shri and
         {Ku}, John and {Kurita}, Nadine R. and {Lage}, Craig S. and
         {Lambert}, Ron and {Lange}, Travis and {Langton}, J. Brian and
         {Le Guillou}, Laurent and {Levine}, Deborah and {Liang}, Ming and
         {Lim}, Kian-Tat and {Lintott}, Chris J. and {Long}, Kevin E. and
         {Lopez}, Margaux and {Lotz}, Paul J. and {Lupton}, Robert H. and
         {Lust}, Nate B. and {MacArthur}, Lauren A. and {Mahabal}, Ashish and {Mand
        elbaum}, Rachel and {Markiewicz}, Thomas W. and {Marsh}, Darren S. and
         {Marshall}, Philip J. and {Marshall}, Stuart and {May}, Morgan and
         {McKercher}, Robert and {McQueen}, Michelle and {Meyers}, Joshua and
         {Migliore}, Myriam and {Miller}, Michelle and {Mills}, David J. and
         {Miraval}, Connor and {Moeyens}, Joachim and {Moolekamp}, Fred E. and
         {Monet}, David G. and {Moniez}, Marc and {Monkewitz}, Serge and
         {Montgomery}, Christopher and {Morrison}, Christopher B. and
         {Mueller}, Fritz and {Muller}, Gary P. and
         {Mu{\~n}oz Arancibia}, Freddy and {Neill}, Douglas R. and
         {Newbry}, Scott P. and {Nief}, Jean-Yves and {Nomerotski}, Andrei and
         {Nordby}, Martin and {O'Connor}, Paul and {Oliver}, John and
         {Olivier}, Scot S. and {Olsen}, Knut and {O'Mullane}, William and
         {Ortiz}, Sandra and {Osier}, Shawn and {Owen}, Russell E. and
         {Pain}, Reynald and {Palecek}, Paul E. and {Parejko}, John K. and
         {Parsons}, James B. and {Pease}, Nathan M. and {Peterson}, J. Matt and
         {Peterson}, John R. and {Petravick}, Donald L. and
         {Libby Petrick}, M.~E. and {Petry}, Cathy E. and
         {Pierfederici}, Francesco and {Pietrowicz}, Stephen and {Pike}, Rob and
         {Pinto}, Philip A. and {Plante}, Raymond and {Plate}, Stephen and
         {Plutchak}, Joel P. and {Price}, Paul A. and {Prouza}, Michael and
         {Radeka}, Veljko and {Rajagopal}, Jayadev and {Rasmussen}, Andrew P. and
         {Regnault}, Nicolas and {Reil}, Kevin A. and {Reiss}, David J. and
         {Reuter}, Michael A. and {Ridgway}, Stephen T. and {Riot}, Vincent J. and
         {Ritz}, Steve and {Robinson}, Sean and {Roby}, William and
         {Roodman}, Aaron and {Rosing}, Wayne and {Roucelle}, Cecille and
         {Rumore}, Matthew R. and {Russo}, Stefano and {Saha}, Abhijit and
         {Sassolas}, Benoit and {Schalk}, Terry L. and {Schellart}, Pim and
         {Schindler}, Rafe H. and {Schmidt}, Samuel and {Schneider}, Donald P. and
         {Schneider}, Michael D. and {Schoening}, William and
         {Schumacher}, German and {Schwamb}, Megan E. and {Sebag}, Jacques and
         {Selvy}, Brian and {Sembroski}, Glenn H. and {Seppala}, Lynn G. and
         {Serio}, Andrew and {Serrano}, Eduardo and {Shaw}, Richard A. and
         {Shipsey}, Ian and {Sick}, Jonathan and {Silvestri}, Nicole and
         {Slater}, Colin T. and {Smith}, J. Allyn and {Smith}, R. Chris and
         {Sobhani}, Shahram and {Soldahl}, Christine and
         {Storrie-Lombardi}, Lisa and {Stover}, Edward and
         {Strauss}, Michael A. and {Street}, Rachel A. and
         {Stubbs}, Christopher W. and {Sullivan}, Ian S. and {Sweeney}, Donald and
         {Swinbank}, John D. and {Szalay}, Alexander and {Takacs}, Peter and
         {Tether}, Stephen A. and {Thaler}, Jon J. and {Thayer}, John Gregg and
         {Thomas}, Sandrine and {Thornton}, Adam J. and {Thukral}, Vaikunth and
         {Tice}, Jeffrey and {Trilling}, David E. and {Turri}, Max and
         {Van Berg}, Richard and {Vanden Berk}, Daniel and {Vetter}, Kurt and
         {Virieux}, Francoise and {Vucina}, Tomislav and {Wahl}, William and
         {Walkowicz}, Lucianne and {Walsh}, Brian and {Walter}, Christopher W. and
         {Wang}, Daniel L. and {Wang}, Shin-Yawn and {Warner}, Michael and
         {Wiecha}, Oliver and {Willman}, Beth and {Winters}, Scott E. and
         {Wittman}, David and {Wolff}, Sidney C. and {Wood-Vasey}, W. Michael and
         {Wu}, Xiuqin and {Xin}, Bo and {Yoachim}, Peter and {Zhan}, Hu},
        title = "{LSST: From Science Drivers to Reference Design and Anticipated Data Products}",
      journal = {\apj},
     keywords = {astrometry, cosmology: observations, Galaxy: general, methods: observational, stars: general, surveys, Astrophysics},
         year = "2019",
        month = "Mar",
       volume = {873},
       number = {2},
          eid = {111},
        pages = {111},
          doi = {10.3847/1538-4357/ab042c},
archivePrefix = {arXiv},
       eprint = {0805.2366},
 primaryClass = {astro-ph},
       adsurl = {https://ui.adsabs.harvard.edu/abs/2019ApJ...873..111I},
      adsnote = {Provided by the SAO/NASA Astrophysics Data System}
}

@ARTICLE{2009arXiv0912.0201L,
       author = {{LSST Science Collaboration} and {Abell}, Paul A. and {Allison}, Julius and
         {Anderson}, Scott F. and {Andrew}, John R. and {Angel}, J. Roger P. and
         {Armus}, Lee and {Arnett}, David and {Asztalos}, S.~J. and
         {Axelrod}, Tim S. and {Bailey}, Stephen and {Ballantyne}, D.~R. and
         {Bankert}, Justin R. and {Barkhouse}, Wayne A. and {Barr}, Jeffrey D. and
         {Barrientos}, L. Felipe and {Barth}, Aaron J. and {Bartlett}, James G. and
         {Becker}, Andrew C. and {Becla}, Jacek and {Beers}, Timothy C. and
         {Bernstein}, Joseph P. and {Biswas}, Rahul and {Blanton}, Michael R. and
         {Bloom}, Joshua S. and {Bochanski}, John J. and {Boeshaar}, Pat and
         {Borne}, Kirk D. and {Bradac}, Marusa and {Brandt}, W.~N. and
         {Bridge}, Carrie R. and {Brown}, Michael E. and {Brunner}, Robert J. and
         {Bullock}, James S. and {Burgasser}, Adam J. and {Burge}, James H. and
         {Burke}, David L. and {Cargile}, Phillip A. and {Chand
        rasekharan}, Srinivasan and {Chartas}, George and {Chesley}, Steven R. and
         {Chu}, You-Hua and {Cinabro}, David and {Claire}, Mark W. and
         {Claver}, Charles F. and {Clowe}, Douglas and {Connolly}, A.~J. and
         {Cook}, Kem H. and {Cooke}, Jeff and {Cooray}, Asantha and
         {Covey}, Kevin R. and {Culliton}, Christopher S. and {de Jong}, Roelof and
         {de Vries}, Willem H. and {Debattista}, Victor P. and
         {Delgado}, Francisco and {Dell'Antonio}, Ian P. and {Dhital}, Saurav and
         {Di Stefano}, Rosanne and {Dickinson}, Mark and {Dilday}, Benjamin and
         {Djorgovski}, S.~G. and {Dobler}, Gregory and {Donalek}, Ciro and
         {Dubois-Felsmann}, Gregory and {Durech}, Josef and
         {Eliasdottir}, Ardis and {Eracleous}, Michael and {Eyer}, Laurent and
         {Falco}, Emilio E. and {Fan}, Xiaohui and {Fassnacht}, Christopher D. and
         {Ferguson}, Harry C. and {Fernandez}, Yanga R. and {Fields}, Brian D. and
         {Finkbeiner}, Douglas and {Figueroa}, Eduardo E. and {Fox}, Derek B. and
         {Francke}, Harold and {Frank}, James S. and {Frieman}, Josh and
         {Fromenteau}, Sebastien and {Furqan}, Muhammad and {Galaz}, Gaspar and
         {Gal-Yam}, A. and {Garnavich}, Peter and {Gawiser}, Eric and
         {Geary}, John and {Gee}, Perry and {Gibson}, Robert R. and
         {Gilmore}, Kirk and {Grace}, Emily A. and {Green}, Richard F. and
         {Gressler}, William J. and {Grillmair}, Carl J. and {Habib}, Salman and
         {Haggerty}, J.~S. and {Hamuy}, Mario and {Harris}, Alan W. and
         {Hawley}, Suzanne L. and {Heavens}, Alan F. and {Hebb}, Leslie and
         {Henry}, Todd J. and {Hileman}, Edward and {Hilton}, Eric J. and
         {Hoadley}, Keri and {Holberg}, J.~B. and {Holman}, Matt J. and
         {Howell}, Steve B. and {Infante}, Leopoldo and {Ivezic}, Zeljko and
         {Jacoby}, Suzanne H. and {Jain}, Bhuvnesh and {R} and {Jedicke} and
         {Jee}, M. James and {Garrett Jernigan}, J. and {Jha}, Saurabh W. and
         {Johnston}, Kathryn V. and {Jones}, R. Lynne and {Juric}, Mario and
         {Kaasalainen}, Mikko and {Styliani} and {Kafka} and {Kahn}, Steven M. and
         {Kaib}, Nathan A. and {Kalirai}, Jason and {Kantor}, Jeff and
         {Kasliwal}, Mansi M. and {Keeton}, Charles R. and {Kessler}, Richard and
         {Knezevic}, Zoran and {Kowalski}, Adam and {Krabbendam}, Victor L. and
         {Krughoff}, K. Simon and {Kulkarni}, Shrinivas and {Kuhlman}, Stephen and
         {Lacy}, Mark and {Lepine}, Sebastien and {Liang}, Ming and {Lien}, Amy and
         {Lira}, Paulina and {Long}, Knox S. and {Lorenz}, Suzanne and
         {Lotz}, Jennifer M. and {Lupton}, R.~H. and {Lutz}, Julie and
         {Macri}, Lucas M. and {Mahabal}, Ashish A. and {Mandelbaum}, Rachel and
         {Marshall}, Phil and {May}, Morgan and {McGehee}, Peregrine M. and
         {Meadows}, Brian T. and {Meert}, Alan and {Milani}, Andrea and
         {Miller}, Christopher J. and {Miller}, Michelle and {Mills}, David and
         {Minniti}, Dante and {Monet}, David and {Mukadam}, Anjum S. and
         {Nakar}, Ehud and {Neill}, Douglas R. and {Newman}, Jeffrey A. and
         {Nikolaev}, Sergei and {Nordby}, Martin and {O'Connor}, Paul and
         {Oguri}, Masamune and {Oliver}, John and {Olivier}, Scot S. and
         {Olsen}, Julia K. and {Olsen}, Knut and {Olszewski}, Edward W. and
         {Oluseyi}, Hakeem and {Padilla}, Nelson D. and {Parker}, Alex and
         {Pepper}, Joshua and {Peterson}, John R. and {Petry}, Catherine and
         {Pinto}, Philip A. and {Pizagno}, James L. and {Popescu}, Bogdan and
         {Prsa}, Andrej and {Radcka}, Veljko and {Raddick}, M. Jordan and
         {Rasmussen}, Andrew and {Rau}, Arne and {Rho}, Jeonghee and
         {Rhoads}, James E. and {Richards}, Gordon T. and {Ridgway}, Stephen T. and
         {Robertson}, Brant E. and {Roskar}, Rok and {Saha}, Abhijit and
         {Sarajedini}, Ata and {Scannapieco}, Evan and {Schalk}, Terry and
         {Schindler}, Rafe and {Schmidt}, Samuel and {Schmidt}, Sarah and
         {Schneider}, Donald P. and {Schumacher}, German and {Scranton}, Ryan and
         {Sebag}, Jacques and {Seppala}, Lynn G. and {Shemmer}, Ohad and
         {Simon}, Joshua D. and {Sivertz}, M. and {Smith}, Howard A. and
         {Allyn Smith}, J. and {Smith}, Nathan and {Spitz}, Anna H. and
         {Stanford}, Adam and {Stassun}, Keivan G. and {Strader}, Jay and
         {Strauss}, Michael A. and {Stubbs}, Christopher W. and
         {Sweeney}, Donald W. and {Szalay}, Alex and {Szkody}, Paula and
         {Takada}, Masahiro and {Thorman}, Paul and {Trilling}, David E. and
         {Trimble}, Virginia and {Tyson}, Anthony and {Van Berg}, Richard and {Vand
        en Berk}, Daniel and {VanderPlas}, Jake and {Verde}, Licia and
         {Vrsnak}, Bojan and {Walkowicz}, Lucianne M. and {Wand
        elt}, Benjamin D. and {Wang}, Sheng and {Wang}, Yun and
         {Warner}, Michael and {Wechsler}, Risa H. and {West}, Andrew A. and
         {Wiecha}, Oliver and {Williams}, Benjamin F. and {Willman}, Beth and
         {Wittman}, David and {Wolff}, Sidney C. and {Wood-Vasey}, W. Michael and
         {Wozniak}, Przemek and {Young}, Patrick and {Zentner}, Andrew and
         {Zhan}, Hu},
        title = "{LSST Science Book, Version 2.0}",
      journal = {arXiv e-prints},
     keywords = {Astrophysics - Instrumentation and Methods for Astrophysics, Astrophysics - Cosmology and Extragalactic Astrophysics, Astrophysics - Earth and Planetary Astrophysics, Astrophysics - Galaxy Astrophysics, Astrophysics - Solar and Stellar Astrophysics},
         year = "2009",
        month = "Dec",
          eid = {arXiv:0912.0201},
        pages = {arXiv:0912.0201},
archivePrefix = {arXiv},
       eprint = {0912.0201},
 primaryClass = {astro-ph.IM},
       adsurl = {https://ui.adsabs.harvard.edu/abs/2009arXiv0912.0201L},
      adsnote = {Provided by the SAO/NASA Astrophysics Data System}
}

@ARTICLE{2006astro.ph..9591A,
       author = {{Albrecht}, Andreas and {Bernstein}, Gary and {Cahn}, Robert and
         {Freedman}, Wendy L. and {Hewitt}, Jacqueline and {Hu}, Wayne and
         {Huth}, John and {Kamionkowski}, Marc and {Kolb}, Edward W. and
         {Knox}, Lloyd and {Mather}, John C. and {Staggs}, Suzanne and
         {Suntzeff}, Nicholas B.},
        title = "{Report of the Dark Energy Task Force}",
     eprint = "astro-ph/0609591",
    archivePrefix = "arXiv",
    reportNumber = "FERMILAB-FN-0793-A",
    month = "9",
    year = "2006"      
}

@INPROCEEDINGS{2009ASPC..411..193F,
       author = {{Flath}, D.~L. and {Johnson}, T.~S. and {Turri}, M. and
         {Heidenreich}, K.~A.},
        title = "{GLAST (FERMI) Data-Processing Pipeline}",
    booktitle = {Astronomical Data Analysis Software and Systems XVIII},
         year = "2009",
       editor = {{Bohlender}, D.~A. and {Durand}, D. and {Dowler}, P.},
       series = {Astronomical Society of the Pacific Conference Series},
       volume = {411},
        month = "Sep",
        pages = {193},
       adsurl = {https://ui.adsabs.harvard.edu/abs/2009ASPC..411..193F},
      adsnote = {Provided by the SAO/NASA Astrophysics Data System}
}

@ARTICLE{2015arXiv150303757S,
       author = {{Spergel}, D. and {Gehrels}, N. and {Baltay}, C. and {Bennett}, D. and
         {Breckinridge}, J. and {Donahue}, M. and {Dressler}, A. and
         {Gaudi}, B.~S. and {Greene}, T. and {Guyon}, O.},
        title = "{Wide-Field InfrarRed Survey Telescope-Astrophysics Focused Telescope Assets WFIRST-AFTA 2015 Report}",
      journal = {arXiv e-prints},
     keywords = {Astrophysics - Instrumentation and Methods for Astrophysics},
         year = "2015",
        month = "Mar",
          eid = {arXiv:1503.03757},
        pages = {arXiv:1503.03757},
archivePrefix = {arXiv},
       eprint = {1503.03757},
 primaryClass = {astro-ph.IM},
       adsurl = {https://ui.adsabs.harvard.edu/abs/2015arXiv150303757S},
      adsnote = {Provided by the SAO/NASA Astrophysics Data System}
}

@ARTICLE{2016ApJ...828...54L,
   author = {{Li}, N. and {Gladders}, M.~D. and {Rangel}, E.~M. and {Florian}, M.~K. and
	{Bleem}, L.~E. and {Heitmann}, K. and {Habib}, S. and {Fasel}, P.
	},
    title = "{PICS: Simulations of Strong Gravitational Lensing in Galaxy Clusters}",
  journal = {\apj},
archivePrefix = "arXiv",
   eprint = {1511.03673},
 keywords = {galaxies: clusters: general, gravitational lensing: strong, methods: numerical },
     year = 2016,
    month = sep,
   volume = 828,
      eid = {54},
    pages = {54},
      doi = {10.3847/0004-637X/828/1/54},
   adsurl = {https://ui.adsabs.harvard.edu/abs/2016ApJ...828...54L},
  adsnote = {Provided by the SAO/NASA Astrophysics Data System}
}
@ARTICLE{2018PASJ...70S...8A,
       author = {{Aihara}, Hiroaki and {Armstrong}, Robert and {Bickerton}, Steven and
         {Bosch}, James and {Coupon}, Jean and {Furusawa}, Hisanori and
         {Hayashi}, Yusuke and {Ikeda}, Hiroyuki and {Kamata}, Yukiko and
         {Karoji}, Hiroshi},
        title = "{First data release of the Hyper Suprime-Cam Subaru Strategic Program}",
      journal = {\pasj},
     keywords = {astronomical databases, cosmology: observations, galaxies: general, surveys, Astrophysics - Instrumentation and Methods for Astrophysics, Astrophysics - Earth and Planetary Astrophysics, Astrophysics - Astrophysics of Galaxies, Astrophysics - High Energy Astrophysical Phenomena, Astrophysics - Solar and Stellar Astrophysics},
         year = "2018",
        month = "Jan",
       volume = {70},
          eid = {S8},
        pages = {S8},
          doi = {10.1093/pasj/psx081},
archivePrefix = {arXiv},
       eprint = {1702.08449},
 primaryClass = {astro-ph.IM},
       adsurl = {https://ui.adsabs.harvard.edu/abs/2018PASJ...70S...8A},
      adsnote = {Provided by the SAO/NASA Astrophysics Data System}
}

@ARTICLE{10.1093/pasj/psx080,
       author = {{Bosch}, James and {Armstrong}, Robert and {Bickerton}, Steven and {Furusawa}, Hisanori and {Ikeda}, Hiroyuki and {Koike}, Michitaro and {Lupton}, Robert and {Mineo}, Sogo and {Price}, Paul and {Takata}, Tadafumi and {Tanaka}, Masayuki and {Yasuda}, Naoki and {AlSayyad}, Yusra and {Becker}, Andrew C. and {Coulton}, William and {Coupon}, Jean and {Garmilla}, Jose and {Huang}, Song and {Krughoff}, K. Simon and {Lang}, Dustin and {Leauthaud}, Alexie and {Lim}, Kian-Tat and {Lust}, Nate B. and {MacArthur}, Lauren A. and {Mandelbaum}, Rachel and {Miyatake}, Hironao and {Miyazaki}, Satoshi and {Murata}, Ryoma and {More}, Surhud and {Okura}, Yuki and {Owen}, Russell and {Swinbank}, John D. and {Strauss}, Michael A. and {Yamada}, Yoshihiko and {Yamanoi}, Hitomi},
        title = "{The Hyper Suprime-Cam software pipeline}",
      journal = {\pasj},
     keywords = {methods: data analysis, surveys, techniques: image processing, Astrophysics - Instrumentation and Methods for Astrophysics},
         year = 2018,
        month = jan,
       volume = {70},
          eid = {S5},
        pages = {S5},
          doi = {10.1093/pasj/psx080},
archivePrefix = {arXiv},
       eprint = {1705.06766},
 primaryClass = {astro-ph.IM},
       adsurl = {https://ui.adsabs.harvard.edu/abs/2018PASJ...70S...5B},
      adsnote = {Provided by the SAO/NASA Astrophysics Data System}
}

@ARTICLE{2015A&C....10..121R,
       author = {{Rowe}, B.~T.~P. and {Jarvis}, M. and {Mandelbaum}, R. and
         {Bernstein}, G.~M. and {Bosch}, J. and {Simet}, M. and {Meyers}, J.~E. and
         {Kacprzak}, T. and {Nakajima}, R. and {Zuntz}, J. and {Miyatake}, H. and
         {Dietrich}, J.~P. and {Armstrong}, R. and {Melchior}, P. and
         {Gill}, M.~S.~S.},
        title = "{GALSIM: The modular galaxy image simulation toolkit}",
      journal = {Astronomy and Computing},
     keywords = {Methods: data analysis, Techniques: image processing, Gravitational lensing, Cosmology: observations, Astrophysics - Instrumentation and Methods for Astrophysics, Astrophysics - Cosmology and Nongalactic Astrophysics, 85-04},
         year = 2015,
        month = apr,
       volume = {10},
        pages = {121-150},
          doi = {10.1016/j.ascom.2015.02.002},
archivePrefix = {arXiv},
       eprint = {1407.7676},
 primaryClass = {astro-ph.IM},
       adsurl = {https://ui.adsabs.harvard.edu/abs/2015A&C....10..121R},
      adsnote = {Provided by the SAO/NASA Astrophysics Data System}
}

@INPROCEEDINGS{2016SPIE.9910E..1AY,
       author = {{Yoachim}, Peter and {Coughlin}, Michael and {Angeli}, George Z. and {Claver}, Charles F. and {Connolly}, Andrew J. and {Cook}, Kem and {Daniel}, Scott and {Ivezi{\'c}}, {\v{Z}}eljko and {Jones}, R. Lynne and {Petry}, Catherine and {Reuter}, Michael and {Stubbs}, Christopher and {Xin}, Bo},
        title = "{An optical to IR sky brightness model for the LSST}",
    booktitle = {Observatory Operations: Strategies, Processes, and Systems VI},
         year = 2016,
       editor = {{Peck}, Alison B. and {Seaman}, Robert L. and {Benn}, Chris R.},
       series = {Society of Photo-Optical Instrumentation Engineers (SPIE) Conference Series},
       volume = {9910},
        month = jul,
          eid = {99101A},
        pages = {99101A},
          doi = {10.1117/12.2232947},
       adsurl = {https://ui.adsabs.harvard.edu/abs/2016SPIE.9910E..1AY},
      adsnote = {Provided by the SAO/NASA Astrophysics Data System}
}

